;; -*- mode: org; mode: beancount; -*-
;; Birth: 1980-05-12
;; Dates: 2022-01-01 - 2024-09-26
;; THIS FILE HAS BEEN AUTO-GENERATED.
* Options

option "title" "Example Beancount file"
option "operating_currency" "USD"




* Commodities


1792-01-01 commodity USD
  name: "US Dollar"
  export: "CASH"

1900-01-01 commodity VMMXX
  export: "MUTF:VMMXX (MONEY:USD)"

1980-05-12 commodity VACHR
  name: "Employer Vacation Hours"
  export: "IGNORE"

1980-05-12 commodity IRAUSD
  name: "US 401k and IRA Contributions"
  export: "IGNORE"

1995-09-18 commodity VBMPX
  name: "Vanguard Total Bond Market Index Fund Institutional Plus Shares"
  export: "MUTF:VBMPX"
  price: "USD:google/MUTF:VBMPX"

2004-01-20 commodity ITOT
  name: "iShares Core S&P Total U.S. Stock Market ETF"
  export: "NYSEARCA:ITOT"
  price: "USD:google/NYSEARCA:ITOT"

2004-01-26 commodity VHT
  name: "Vanguard Health Care ETF"
  export: "NYSEARCA:VHT"
  price: "USD:google/NYSEARCA:VHT"

2004-11-01 commodity GLD
  name: "SPDR Gold Trust (ETF)"
  export: "NYSEARCA:GLD"
  price: "USD:google/NYSEARCA:GLD"

2007-07-20 commodity VEA
  name: "Vanguard FTSE Developed Markets ETF"
  export: "NYSEARCA:VEA"
  price: "USD:google/NYSEARCA:VEA"

2009-05-01 commodity RGAGX
  name: "American Funds The Growth Fund of America Class R-6"
  export: "MUTF:RGAGX"
  price: "USD:google/MUTF:RGAGX"



* Equity Accounts

1980-05-12 open Equity:Opening-Balances
1980-05-12 open Liabilities:AccountsPayable



* Banking

2022-01-01 open Assets:US:BofA
  institution: "Bank of America"
  address: "123 America Street, LargeTown, USA"
  phone: "+1.012.345.6789"
2022-01-01 open Assets:US:BofA:Checking                        USD
  account: "00234-48574897"

2022-01-01 * "Opening Balance for checking account"
  Assets:US:BofA:Checking                         4304.51 USD
  Equity:Opening-Balances                        -4304.51 USD

2022-01-02 balance Assets:US:BofA:Checking        4304.51 USD

2022-01-03 * "RiverBank Properties" "Paying the rent"
  Assets:US:BofA:Checking                        -2400.00 USD
  Expenses:Home:Rent                              2400.00 USD

2022-01-04 * "BANK FEES" "Monthly bank fee"
  Assets:US:BofA:Checking                           -4.00 USD
  Expenses:Financial:Fees                            4.00 USD

2022-01-09 * "EDISON POWER" ""
  Assets:US:BofA:Checking                          -65.00 USD
  Expenses:Home:Electricity                         65.00 USD

2022-01-18 * "Verizon Wireless" ""
  Assets:US:BofA:Checking                          -55.46 USD
  Expenses:Home:Phone                               55.46 USD

2022-01-21 * "Wine-Tarner Cable" ""
  Assets:US:BofA:Checking                          -80.09 USD
  Expenses:Home:Internet                            80.09 USD

2022-01-25 balance Assets:US:BofA:Checking        4325.93 USD

2022-02-04 * "BANK FEES" "Monthly bank fee"
  Assets:US:BofA:Checking                           -4.00 USD
  Expenses:Financial:Fees                            4.00 USD

2022-02-06 * "RiverBank Properties" "Paying the rent"
  Assets:US:BofA:Checking                        -2400.00 USD
  Expenses:Home:Rent                              2400.00 USD

2022-02-09 * "EDISON POWER" ""
  Assets:US:BofA:Checking                          -65.00 USD
  Expenses:Home:Electricity                         65.00 USD

2022-02-19 balance Assets:US:BofA:Checking        3881.88 USD

2022-02-19 * "Verizon Wireless" ""
  Assets:US:BofA:Checking                          -71.73 USD
  Expenses:Home:Phone                               71.73 USD

2022-02-23 * "Wine-Tarner Cable" ""
  Assets:US:BofA:Checking                          -80.20 USD
  Expenses:Home:Internet                            80.20 USD

2022-03-04 * "BANK FEES" "Monthly bank fee"
  Assets:US:BofA:Checking                           -4.00 USD
  Expenses:Financial:Fees                            4.00 USD

2022-03-04 * "RiverBank Properties" "Paying the rent"
  Assets:US:BofA:Checking                        -2400.00 USD
  Expenses:Home:Rent                              2400.00 USD

2022-03-09 * "EDISON POWER" ""
  Assets:US:BofA:Checking                          -65.00 USD
  Expenses:Home:Electricity                         65.00 USD

2022-03-15 balance Assets:US:BofA:Checking        2072.54 USD

2022-03-20 * "Verizon Wireless" ""
  Assets:US:BofA:Checking                          -57.75 USD
  Expenses:Home:Phone                               57.75 USD

2022-03-21 * "Wine-Tarner Cable" ""
  Assets:US:BofA:Checking                          -80.02 USD
  Expenses:Home:Internet                            80.02 USD

2022-04-03 * "RiverBank Properties" "Paying the rent"
  Assets:US:BofA:Checking                        -2400.00 USD
  Expenses:Home:Rent                              2400.00 USD

2022-04-04 * "BANK FEES" "Monthly bank fee"
  Assets:US:BofA:Checking                           -4.00 USD
  Expenses:Financial:Fees                            4.00 USD

2022-04-09 balance Assets:US:BofA:Checking        1476.23 USD

2022-04-09 * "EDISON POWER" ""
  Assets:US:BofA:Checking                          -65.00 USD
  Expenses:Home:Electricity                         65.00 USD

2022-04-18 * "Verizon Wireless" ""
  Assets:US:BofA:Checking                          -57.29 USD
  Expenses:Home:Phone                               57.29 USD

2022-04-21 * "Wine-Tarner Cable" ""
  Assets:US:BofA:Checking                          -80.12 USD
  Expenses:Home:Internet                            80.12 USD

2022-05-03 balance Assets:US:BofA:Checking        3975.02 USD

2022-05-04 * "BANK FEES" "Monthly bank fee"
  Assets:US:BofA:Checking                           -4.00 USD
  Expenses:Financial:Fees                            4.00 USD

2022-05-04 * "RiverBank Properties" "Paying the rent"
  Assets:US:BofA:Checking                        -2400.00 USD
  Expenses:Home:Rent                              2400.00 USD

2022-05-08 * "EDISON POWER" ""
  Assets:US:BofA:Checking                          -65.00 USD
  Expenses:Home:Electricity                         65.00 USD

2022-05-19 * "Verizon Wireless" ""
  Assets:US:BofA:Checking                          -58.82 USD
  Expenses:Home:Phone                               58.82 USD

2022-05-22 * "Wine-Tarner Cable" ""
  Assets:US:BofA:Checking                          -80.15 USD
  Expenses:Home:Internet                            80.15 USD

2022-05-25 balance Assets:US:BofA:Checking        1803.84 USD

2022-06-04 * "BANK FEES" "Monthly bank fee"
  Assets:US:BofA:Checking                           -4.00 USD
  Expenses:Financial:Fees                            4.00 USD

2022-06-05 * "RiverBank Properties" "Paying the rent"
  Assets:US:BofA:Checking                        -2400.00 USD
  Expenses:Home:Rent                              2400.00 USD

2022-06-08 * "EDISON POWER" ""
  Assets:US:BofA:Checking                          -65.00 USD
  Expenses:Home:Electricity                         65.00 USD

2022-06-19 * "Verizon Wireless" ""
  Assets:US:BofA:Checking                          -67.83 USD
  Expenses:Home:Phone                               67.83 USD

2022-06-22 balance Assets:US:BofA:Checking        1282.77 USD

2022-06-22 * "Wine-Tarner Cable" ""
  Assets:US:BofA:Checking                          -79.89 USD
  Expenses:Home:Internet                            79.89 USD

2022-07-04 * "BANK FEES" "Monthly bank fee"
  Assets:US:BofA:Checking                           -4.00 USD
  Expenses:Financial:Fees                            4.00 USD

2022-07-06 * "RiverBank Properties" "Paying the rent"
  Assets:US:BofA:Checking                        -2400.00 USD
  Expenses:Home:Rent                              2400.00 USD

2022-07-08 * "EDISON POWER" ""
  Assets:US:BofA:Checking                          -65.00 USD
  Expenses:Home:Electricity                         65.00 USD

2022-07-20 * "Verizon Wireless" ""
  Assets:US:BofA:Checking                          -51.32 USD
  Expenses:Home:Phone                               51.32 USD

2022-07-21 balance Assets:US:BofA:Checking         800.12 USD

2022-07-23 * "Wine-Tarner Cable" ""
  Assets:US:BofA:Checking                          -80.03 USD
  Expenses:Home:Internet                            80.03 USD

2022-08-04 * "BANK FEES" "Monthly bank fee"
  Assets:US:BofA:Checking                           -4.00 USD
  Expenses:Financial:Fees                            4.00 USD

2022-08-06 * "RiverBank Properties" "Paying the rent"
  Assets:US:BofA:Checking                        -2400.00 USD
  Expenses:Home:Rent                              2400.00 USD

2022-08-08 * "EDISON POWER" ""
  Assets:US:BofA:Checking                          -65.00 USD
  Expenses:Home:Electricity                         65.00 USD

2022-08-13 balance Assets:US:BofA:Checking        1029.25 USD

2022-08-19 * "Verizon Wireless" ""
  Assets:US:BofA:Checking                          -57.07 USD
  Expenses:Home:Phone                               57.07 USD

2022-08-21 * "Wine-Tarner Cable" ""
  Assets:US:BofA:Checking                          -80.02 USD
  Expenses:Home:Internet                            80.02 USD

2022-09-04 * "BANK FEES" "Monthly bank fee"
  Assets:US:BofA:Checking                           -4.00 USD
  Expenses:Financial:Fees                            4.00 USD

2022-09-05 * "RiverBank Properties" "Paying the rent"
  Assets:US:BofA:Checking                        -2400.00 USD
  Expenses:Home:Rent                              2400.00 USD

2022-09-09 * "EDISON POWER" ""
  Assets:US:BofA:Checking                          -65.00 USD
  Expenses:Home:Electricity                         65.00 USD

2022-09-11 balance Assets:US:BofA:Checking        2872.21 USD

2022-09-16 * "Transfering accumulated savings to other account"
  Assets:US:BofA:Checking                           -4500 USD
  Assets:US:ETrade:Cash                              4500 USD

2022-09-20 * "Verizon Wireless" ""
  Assets:US:BofA:Checking                          -46.29 USD
  Expenses:Home:Phone                               46.29 USD

2022-09-22 * "Wine-Tarner Cable" ""
  Assets:US:BofA:Checking                          -79.92 USD
  Expenses:Home:Internet                            79.92 USD

2022-10-04 * "BANK FEES" "Monthly bank fee"
  Assets:US:BofA:Checking                           -4.00 USD
  Expenses:Financial:Fees                            4.00 USD

2022-10-06 * "RiverBank Properties" "Paying the rent"
  Assets:US:BofA:Checking                        -2400.00 USD
  Expenses:Home:Rent                              2400.00 USD

2022-10-09 * "EDISON POWER" ""
  Assets:US:BofA:Checking                          -65.00 USD
  Expenses:Home:Electricity                         65.00 USD

2022-10-10 balance Assets:US:BofA:Checking         222.13 USD

2022-10-18 * "Verizon Wireless" ""
  Assets:US:BofA:Checking                          -60.99 USD
  Expenses:Home:Phone                               60.99 USD

2022-10-23 * "Wine-Tarner Cable" ""
  Assets:US:BofA:Checking                          -80.10 USD
  Expenses:Home:Internet                            80.10 USD

2022-11-03 * "RiverBank Properties" "Paying the rent"
  Assets:US:BofA:Checking                        -2400.00 USD
  Expenses:Home:Rent                              2400.00 USD

2022-11-04 * "BANK FEES" "Monthly bank fee"
  Assets:US:BofA:Checking                           -4.00 USD
  Expenses:Financial:Fees                            4.00 USD

2022-11-07 balance Assets:US:BofA:Checking        2778.24 USD

2022-11-09 * "EDISON POWER" ""
  Assets:US:BofA:Checking                          -65.00 USD
  Expenses:Home:Electricity                         65.00 USD

2022-11-11 * "Transfering accumulated savings to other account"
  Assets:US:BofA:Checking                           -4000 USD
  Assets:US:ETrade:Cash                              4000 USD

2022-11-20 * "Verizon Wireless" ""
  Assets:US:BofA:Checking                          -63.08 USD
  Expenses:Home:Phone                               63.08 USD

2022-11-22 * "Wine-Tarner Cable" ""
  Assets:US:BofA:Checking                          -80.12 USD
  Expenses:Home:Internet                            80.12 USD

2022-11-28 balance Assets:US:BofA:Checking        3049.71 USD

2022-12-04 * "BANK FEES" "Monthly bank fee"
  Assets:US:BofA:Checking                           -4.00 USD
  Expenses:Financial:Fees                            4.00 USD

2022-12-05 * "RiverBank Properties" "Paying the rent"
  Assets:US:BofA:Checking                        -2400.00 USD
  Expenses:Home:Rent                              2400.00 USD

2022-12-09 * "EDISON POWER" ""
  Assets:US:BofA:Checking                          -65.00 USD
  Expenses:Home:Electricity                         65.00 USD

2022-12-19 * "Verizon Wireless" ""
  Assets:US:BofA:Checking                          -59.84 USD
  Expenses:Home:Phone                               59.84 USD

2022-12-22 * "Wine-Tarner Cable" ""
  Assets:US:BofA:Checking                          -80.03 USD
  Expenses:Home:Internet                            80.03 USD

2022-12-27 balance Assets:US:BofA:Checking        5358.52 USD

2023-01-04 * "BANK FEES" "Monthly bank fee"
  Assets:US:BofA:Checking                           -4.00 USD
  Expenses:Financial:Fees                            4.00 USD

2023-01-04 * "RiverBank Properties" "Paying the rent"
  Assets:US:BofA:Checking                        -2400.00 USD
  Expenses:Home:Rent                              2400.00 USD

2023-01-08 * "EDISON POWER" ""
  Assets:US:BofA:Checking                          -65.00 USD
  Expenses:Home:Electricity                         65.00 USD

2023-01-18 balance Assets:US:BofA:Checking        3602.19 USD

2023-01-18 * "Verizon Wireless" ""
  Assets:US:BofA:Checking                          -65.51 USD
  Expenses:Home:Phone                               65.51 USD

2023-01-22 * "Wine-Tarner Cable" ""
  Assets:US:BofA:Checking                          -79.80 USD
  Expenses:Home:Internet                            79.80 USD

2023-02-04 * "BANK FEES" "Monthly bank fee"
  Assets:US:BofA:Checking                           -4.00 USD
  Expenses:Financial:Fees                            4.00 USD

2023-02-06 * "RiverBank Properties" "Paying the rent"
  Assets:US:BofA:Checking                        -2400.00 USD
  Expenses:Home:Rent                              2400.00 USD

2023-02-08 * "EDISON POWER" ""
  Assets:US:BofA:Checking                          -65.00 USD
  Expenses:Home:Electricity                         65.00 USD

2023-02-11 balance Assets:US:BofA:Checking        3027.78 USD

2023-02-20 * "Verizon Wireless" ""
  Assets:US:BofA:Checking                          -49.09 USD
  Expenses:Home:Phone                               49.09 USD

2023-02-21 * "Wine-Tarner Cable" ""
  Assets:US:BofA:Checking                          -79.95 USD
  Expenses:Home:Internet                            79.95 USD

2023-03-03 * "RiverBank Properties" "Paying the rent"
  Assets:US:BofA:Checking                        -2400.00 USD
  Expenses:Home:Rent                              2400.00 USD

2023-03-04 balance Assets:US:BofA:Checking        3199.94 USD

2023-03-04 * "BANK FEES" "Monthly bank fee"
  Assets:US:BofA:Checking                           -4.00 USD
  Expenses:Financial:Fees                            4.00 USD

2023-03-09 * "EDISON POWER" ""
  Assets:US:BofA:Checking                          -65.00 USD
  Expenses:Home:Electricity                         65.00 USD

2023-03-18 * "Verizon Wireless" ""
  Assets:US:BofA:Checking                          -63.95 USD
  Expenses:Home:Phone                               63.95 USD

2023-03-22 * "Wine-Tarner Cable" ""
  Assets:US:BofA:Checking                          -79.92 USD
  Expenses:Home:Internet                            79.92 USD

2023-03-27 balance Assets:US:BofA:Checking        3752.27 USD

2023-04-04 * "BANK FEES" "Monthly bank fee"
  Assets:US:BofA:Checking                           -4.00 USD
  Expenses:Financial:Fees                            4.00 USD

2023-04-06 * "RiverBank Properties" "Paying the rent"
  Assets:US:BofA:Checking                        -2400.00 USD
  Expenses:Home:Rent                              2400.00 USD

2023-04-08 * "EDISON POWER" ""
  Assets:US:BofA:Checking                          -65.00 USD
  Expenses:Home:Electricity                         65.00 USD

2023-04-16 balance Assets:US:BofA:Checking        2889.73 USD

2023-04-20 * "Verizon Wireless" ""
  Assets:US:BofA:Checking                          -49.50 USD
  Expenses:Home:Phone                               49.50 USD

2023-04-23 * "Wine-Tarner Cable" ""
  Assets:US:BofA:Checking                          -80.12 USD
  Expenses:Home:Internet                            80.12 USD

2023-05-04 * "BANK FEES" "Monthly bank fee"
  Assets:US:BofA:Checking                           -4.00 USD
  Expenses:Financial:Fees                            4.00 USD

2023-05-05 * "RiverBank Properties" "Paying the rent"
  Assets:US:BofA:Checking                        -2400.00 USD
  Expenses:Home:Rent                              2400.00 USD

2023-05-09 * "EDISON POWER" ""
  Assets:US:BofA:Checking                          -65.00 USD
  Expenses:Home:Electricity                         65.00 USD

2023-05-16 balance Assets:US:BofA:Checking        2556.13 USD

2023-05-20 * "Verizon Wireless" ""
  Assets:US:BofA:Checking                          -52.63 USD
  Expenses:Home:Phone                               52.63 USD

2023-05-22 * "Wine-Tarner Cable" ""
  Assets:US:BofA:Checking                          -79.91 USD
  Expenses:Home:Internet                            79.91 USD

2023-06-04 * "BANK FEES" "Monthly bank fee"
  Assets:US:BofA:Checking                           -4.00 USD
  Expenses:Financial:Fees                            4.00 USD

2023-06-06 * "RiverBank Properties" "Paying the rent"
  Assets:US:BofA:Checking                        -2400.00 USD
  Expenses:Home:Rent                              2400.00 USD

2023-06-09 * "EDISON POWER" ""
  Assets:US:BofA:Checking                          -65.00 USD
  Expenses:Home:Electricity                         65.00 USD

2023-06-15 balance Assets:US:BofA:Checking        1937.58 USD

2023-06-20 * "Verizon Wireless" ""
  Assets:US:BofA:Checking                          -59.34 USD
  Expenses:Home:Phone                               59.34 USD

2023-06-22 * "Wine-Tarner Cable" ""
  Assets:US:BofA:Checking                          -79.92 USD
  Expenses:Home:Internet                            79.92 USD

2023-07-04 * "BANK FEES" "Monthly bank fee"
  Assets:US:BofA:Checking                           -4.00 USD
  Expenses:Financial:Fees                            4.00 USD

2023-07-06 * "RiverBank Properties" "Paying the rent"
  Assets:US:BofA:Checking                        -2400.00 USD
  Expenses:Home:Rent                              2400.00 USD

2023-07-07 balance Assets:US:BofA:Checking        2095.52 USD

2023-07-09 * "EDISON POWER" ""
  Assets:US:BofA:Checking                          -65.00 USD
  Expenses:Home:Electricity                         65.00 USD

2023-07-18 * "Verizon Wireless" ""
  Assets:US:BofA:Checking                          -61.48 USD
  Expenses:Home:Phone                               61.48 USD

2023-07-22 * "Wine-Tarner Cable" ""
  Assets:US:BofA:Checking                          -79.83 USD
  Expenses:Home:Internet                            79.83 USD

2023-08-04 balance Assets:US:BofA:Checking        4748.09 USD

2023-08-04 * "BANK FEES" "Monthly bank fee"
  Assets:US:BofA:Checking                           -4.00 USD
  Expenses:Financial:Fees                            4.00 USD

2023-08-04 * "RiverBank Properties" "Paying the rent"
  Assets:US:BofA:Checking                        -2400.00 USD
  Expenses:Home:Rent                              2400.00 USD

2023-08-09 * "EDISON POWER" ""
  Assets:US:BofA:Checking                          -65.00 USD
  Expenses:Home:Electricity                         65.00 USD

2023-08-18 * "Transfering accumulated savings to other account"
  Assets:US:BofA:Checking                           -3000 USD
  Assets:US:ETrade:Cash                              3000 USD

2023-08-19 * "Verizon Wireless" ""
  Assets:US:BofA:Checking                          -38.45 USD
  Expenses:Home:Phone                               38.45 USD

2023-08-22 * "Wine-Tarner Cable" ""
  Assets:US:BofA:Checking                          -80.12 USD
  Expenses:Home:Internet                            80.12 USD

2023-09-03 balance Assets:US:BofA:Checking        3367.43 USD

2023-09-04 * "BANK FEES" "Monthly bank fee"
  Assets:US:BofA:Checking                           -4.00 USD
  Expenses:Financial:Fees                            4.00 USD

2023-09-04 * "RiverBank Properties" "Paying the rent"
  Assets:US:BofA:Checking                        -2400.00 USD
  Expenses:Home:Rent                              2400.00 USD

2023-09-09 * "EDISON POWER" ""
  Assets:US:BofA:Checking                          -65.00 USD
  Expenses:Home:Electricity                         65.00 USD

2023-09-20 * "Verizon Wireless" ""
  Assets:US:BofA:Checking                          -71.02 USD
  Expenses:Home:Phone                               71.02 USD

2023-09-22 * "Wine-Tarner Cable" ""
  Assets:US:BofA:Checking                          -80.12 USD
  Expenses:Home:Internet                            80.12 USD

2023-10-02 balance Assets:US:BofA:Checking        5334.12 USD

2023-10-04 * "BANK FEES" "Monthly bank fee"
  Assets:US:BofA:Checking                           -4.00 USD
  Expenses:Financial:Fees                            4.00 USD

2023-10-05 * "RiverBank Properties" "Paying the rent"
  Assets:US:BofA:Checking                        -2400.00 USD
  Expenses:Home:Rent                              2400.00 USD

2023-10-09 * "EDISON POWER" ""
  Assets:US:BofA:Checking                          -65.00 USD
  Expenses:Home:Electricity                         65.00 USD

2023-10-13 * "Transfering accumulated savings to other account"
  Assets:US:BofA:Checking                           -4000 USD
  Assets:US:ETrade:Cash                              4000 USD

2023-10-19 * "Verizon Wireless" ""
  Assets:US:BofA:Checking                          -47.12 USD
  Expenses:Home:Phone                               47.12 USD

2023-10-22 * "Wine-Tarner Cable" ""
  Assets:US:BofA:Checking                          -79.95 USD
  Expenses:Home:Internet                            79.95 USD

2023-11-01 balance Assets:US:BofA:Checking        3034.45 USD

2023-11-03 * "RiverBank Properties" "Paying the rent"
  Assets:US:BofA:Checking                        -2400.00 USD
  Expenses:Home:Rent                              2400.00 USD

2023-11-04 * "BANK FEES" "Monthly bank fee"
  Assets:US:BofA:Checking                           -4.00 USD
  Expenses:Financial:Fees                            4.00 USD

2023-11-08 * "EDISON POWER" ""
  Assets:US:BofA:Checking                          -65.00 USD
  Expenses:Home:Electricity                         65.00 USD

2023-11-20 * "Verizon Wireless" ""
  Assets:US:BofA:Checking                          -63.01 USD
  Expenses:Home:Phone                               63.01 USD

2023-11-23 * "Wine-Tarner Cable" ""
  Assets:US:BofA:Checking                          -80.03 USD
  Expenses:Home:Internet                            80.03 USD

2023-12-01 balance Assets:US:BofA:Checking        5152.41 USD

2023-12-04 * "BANK FEES" "Monthly bank fee"
  Assets:US:BofA:Checking                           -4.00 USD
  Expenses:Financial:Fees                            4.00 USD

2023-12-04 * "RiverBank Properties" "Paying the rent"
  Assets:US:BofA:Checking                        -2400.00 USD
  Expenses:Home:Rent                              2400.00 USD

2023-12-09 * "EDISON POWER" ""
  Assets:US:BofA:Checking                          -65.00 USD
  Expenses:Home:Electricity                         65.00 USD

2023-12-18 * "Verizon Wireless" ""
  Assets:US:BofA:Checking                          -69.15 USD
  Expenses:Home:Phone                               69.15 USD

2023-12-21 * "Wine-Tarner Cable" ""
  Assets:US:BofA:Checking                          -79.75 USD
  Expenses:Home:Internet                            79.75 USD

2023-12-31 balance Assets:US:BofA:Checking        7233.68 USD

2024-01-04 * "BANK FEES" "Monthly bank fee"
  Assets:US:BofA:Checking                           -4.00 USD
  Expenses:Financial:Fees                            4.00 USD

2024-01-06 * "RiverBank Properties" "Paying the rent"
  Assets:US:BofA:Checking                        -2400.00 USD
  Expenses:Home:Rent                              2400.00 USD

2024-01-09 * "EDISON POWER" ""
  Assets:US:BofA:Checking                          -65.00 USD
  Expenses:Home:Electricity                         65.00 USD

2024-01-19 * "Verizon Wireless" ""
  Assets:US:BofA:Checking                          -67.93 USD
  Expenses:Home:Phone                               67.93 USD

2024-01-22 * "Wine-Tarner Cable" ""
  Assets:US:BofA:Checking                          -79.84 USD
  Expenses:Home:Internet                            79.84 USD

2024-01-27 balance Assets:US:BofA:Checking        6686.52 USD

2024-02-04 * "BANK FEES" "Monthly bank fee"
  Assets:US:BofA:Checking                           -4.00 USD
  Expenses:Financial:Fees                            4.00 USD

2024-02-05 * "RiverBank Properties" "Paying the rent"
  Assets:US:BofA:Checking                        -2400.00 USD
  Expenses:Home:Rent                              2400.00 USD

2024-02-08 * "EDISON POWER" ""
  Assets:US:BofA:Checking                          -65.00 USD
  Expenses:Home:Electricity                         65.00 USD

2024-02-19 * "Verizon Wireless" ""
  Assets:US:BofA:Checking                          -40.39 USD
  Expenses:Home:Phone                               40.39 USD

2024-02-21 * "Wine-Tarner Cable" ""
  Assets:US:BofA:Checking                          -79.95 USD
  Expenses:Home:Internet                            79.95 USD

2024-02-26 balance Assets:US:BofA:Checking        6162.40 USD

2024-03-04 * "BANK FEES" "Monthly bank fee"
  Assets:US:BofA:Checking                           -4.00 USD
  Expenses:Financial:Fees                            4.00 USD

2024-03-06 * "RiverBank Properties" "Paying the rent"
  Assets:US:BofA:Checking                        -2400.00 USD
  Expenses:Home:Rent                              2400.00 USD

2024-03-08 * "EDISON POWER" ""
  Assets:US:BofA:Checking                          -65.00 USD
  Expenses:Home:Electricity                         65.00 USD

2024-03-19 * "Verizon Wireless" ""
  Assets:US:BofA:Checking                          -62.92 USD
  Expenses:Home:Phone                               62.92 USD

2024-03-21 * "Wine-Tarner Cable" ""
  Assets:US:BofA:Checking                          -79.94 USD
  Expenses:Home:Internet                            79.94 USD

2024-03-25 balance Assets:US:BofA:Checking        5340.51 USD

2024-04-04 * "BANK FEES" "Monthly bank fee"
  Assets:US:BofA:Checking                           -4.00 USD
  Expenses:Financial:Fees                            4.00 USD

2024-04-05 * "RiverBank Properties" "Paying the rent"
  Assets:US:BofA:Checking                        -2400.00 USD
  Expenses:Home:Rent                              2400.00 USD

2024-04-09 * "EDISON POWER" ""
  Assets:US:BofA:Checking                          -65.00 USD
  Expenses:Home:Electricity                         65.00 USD

2024-04-15 balance Assets:US:BofA:Checking        4650.24 USD

2024-04-18 * "Verizon Wireless" ""
  Assets:US:BofA:Checking                          -63.81 USD
  Expenses:Home:Phone                               63.81 USD

2024-04-23 * "Wine-Tarner Cable" ""
  Assets:US:BofA:Checking                          -79.97 USD
  Expenses:Home:Internet                            79.97 USD

2024-05-03 * "RiverBank Properties" "Paying the rent"
  Assets:US:BofA:Checking                        -2400.00 USD
  Expenses:Home:Rent                              2400.00 USD

2024-05-04 * "BANK FEES" "Monthly bank fee"
  Assets:US:BofA:Checking                           -4.00 USD
  Expenses:Financial:Fees                            4.00 USD

2024-05-09 * "EDISON POWER" ""
  Assets:US:BofA:Checking                          -65.00 USD
  Expenses:Home:Electricity                         65.00 USD

2024-05-13 balance Assets:US:BofA:Checking        4187.18 USD

2024-05-19 * "Verizon Wireless" ""
  Assets:US:BofA:Checking                          -50.52 USD
  Expenses:Home:Phone                               50.52 USD

2024-05-23 * "Wine-Tarner Cable" ""
  Assets:US:BofA:Checking                          -80.14 USD
  Expenses:Home:Internet                            80.14 USD

2024-06-04 * "BANK FEES" "Monthly bank fee"
  Assets:US:BofA:Checking                           -4.00 USD
  Expenses:Financial:Fees                            4.00 USD

2024-06-04 * "RiverBank Properties" "Paying the rent"
  Assets:US:BofA:Checking                        -2400.00 USD
  Expenses:Home:Rent                              2400.00 USD

2024-06-09 * "EDISON POWER" ""
  Assets:US:BofA:Checking                          -65.00 USD
  Expenses:Home:Electricity                         65.00 USD

2024-06-10 balance Assets:US:BofA:Checking        3588.24 USD

2024-06-18 * "Verizon Wireless" ""
  Assets:US:BofA:Checking                          -54.02 USD
  Expenses:Home:Phone                               54.02 USD

2024-06-21 * "Wine-Tarner Cable" ""
  Assets:US:BofA:Checking                          -80.23 USD
  Expenses:Home:Internet                            80.23 USD

2024-07-03 balance Assets:US:BofA:Checking        4804.59 USD

2024-07-03 * "RiverBank Properties" "Paying the rent"
  Assets:US:BofA:Checking                        -2400.00 USD
  Expenses:Home:Rent                              2400.00 USD

2024-07-04 * "BANK FEES" "Monthly bank fee"
  Assets:US:BofA:Checking                           -4.00 USD
  Expenses:Financial:Fees                            4.00 USD

2024-07-09 * "EDISON POWER" ""
  Assets:US:BofA:Checking                          -65.00 USD
  Expenses:Home:Electricity                         65.00 USD

2024-07-18 * "Verizon Wireless" ""
  Assets:US:BofA:Checking                          -51.93 USD
  Expenses:Home:Phone                               51.93 USD

2024-07-23 * "Wine-Tarner Cable" ""
  Assets:US:BofA:Checking                          -79.93 USD
  Expenses:Home:Internet                            79.93 USD

2024-07-25 balance Assets:US:BofA:Checking        4358.77 USD

2024-08-04 * "BANK FEES" "Monthly bank fee"
  Assets:US:BofA:Checking                           -4.00 USD
  Expenses:Financial:Fees                            4.00 USD

2024-08-04 * "RiverBank Properties" "Paying the rent"
  Assets:US:BofA:Checking                        -2400.00 USD
  Expenses:Home:Rent                              2400.00 USD

2024-08-08 * "EDISON POWER" ""
  Assets:US:BofA:Checking                          -65.00 USD
  Expenses:Home:Electricity                         65.00 USD

2024-08-16 * "Transfering accumulated savings to other account"
  Assets:US:BofA:Checking                           -5000 USD
  Assets:US:ETrade:Cash                              5000 USD

2024-08-19 * "Verizon Wireless" ""
  Assets:US:BofA:Checking                          -46.64 USD
  Expenses:Home:Phone                               46.64 USD

2024-08-20 balance Assets:US:BofA:Checking         602.24 USD

2024-08-23 * "Wine-Tarner Cable" ""
  Assets:US:BofA:Checking                          -79.79 USD
  Expenses:Home:Internet                            79.79 USD

2024-09-04 * "BANK FEES" "Monthly bank fee"
  Assets:US:BofA:Checking                           -4.00 USD
  Expenses:Financial:Fees                            4.00 USD

2024-09-13 * "Transfering accumulated savings to other account"
  Assets:US:BofA:Checking                           -5000 USD
  Assets:US:ETrade:Cash                              5000 USD

2024-09-15 balance Assets:US:BofA:Checking         619.65 USD



* Credit-Cards

1980-05-12 open Liabilities:US:Chase:Slate                      USD

2022-01-05 * "Jewel of Morroco" "Eating out with Julie"
  Liabilities:US:Chase:Slate                       -28.70 USD
  Expenses:Food:Restaurant                          28.70 USD

2022-01-07 * "Chase:Slate" "Paying off credit card"
  Liabilities:US:Chase:Slate                        75.23 USD
  Assets:US:BofA:Checking                          -75.23 USD

2022-01-08 * "Goba Goba" "Eating out with Natasha"
  Liabilities:US:Chase:Slate                       -46.53 USD
  Expenses:Food:Restaurant                          46.53 USD

2022-01-11 * "Onion Market" "Buying groceries"
  Liabilities:US:Chase:Slate                       -68.58 USD
  Expenses:Food:Groceries                           68.58 USD

2022-01-13 * "China Garden" "Eating out after work"
  Liabilities:US:Chase:Slate                       -19.10 USD
  Expenses:Food:Restaurant                          19.10 USD

2022-01-14 * "Chichipotle" "Eating out with Natasha"
  Liabilities:US:Chase:Slate                       -23.93 USD
  Expenses:Food:Restaurant                          23.93 USD

2022-01-18 * "Kin Soy" "Eating out "
  Liabilities:US:Chase:Slate                       -24.94 USD
  Expenses:Food:Restaurant                          24.94 USD

2022-01-23 * "Goba Goba" "Eating out "
  Liabilities:US:Chase:Slate                       -44.48 USD
  Expenses:Food:Restaurant                          44.48 USD

2022-01-27 balance Liabilities:US:Chase:Slate     -181.03 USD

2022-01-28 * "Rose Flower" "Eating out alone"
  Liabilities:US:Chase:Slate                       -34.73 USD
  Expenses:Food:Restaurant                          34.73 USD

2022-01-28 * "Farmer Fresh" "Buying groceries"
  Liabilities:US:Chase:Slate                       -78.91 USD
  Expenses:Food:Groceries                           78.91 USD

2022-01-30 * "Metro Transport Authority" "Tram tickets"
  Liabilities:US:Chase:Slate                      -120.00 USD
  Expenses:Transport:Tram                          120.00 USD

2022-02-02 * "Cafe Modagor" "Eating out "
  Liabilities:US:Chase:Slate                       -27.51 USD
  Expenses:Food:Restaurant                          27.51 USD

2022-02-04 * "Rose Flower" "Eating out alone"
  Liabilities:US:Chase:Slate                       -39.61 USD
  Expenses:Food:Restaurant                          39.61 USD

2022-02-05 * "Corner Deli" "Buying groceries"
  Liabilities:US:Chase:Slate                       -69.62 USD
  Expenses:Food:Groceries                           69.62 USD

2022-02-06 * "Rose Flower" "Eating out after work"
  Liabilities:US:Chase:Slate                       -82.17 USD
  Expenses:Food:Restaurant                          82.17 USD

2022-02-07 * "Chase:Slate" "Paying off credit card"
  Liabilities:US:Chase:Slate                       676.25 USD
  Assets:US:BofA:Checking                         -676.25 USD

2022-02-09 * "Uncle Boons" "Eating out with Bill"
  Liabilities:US:Chase:Slate                       -42.67 USD
  Expenses:Food:Restaurant                          42.67 USD

2022-02-13 * "Rose Flower" "Eating out with work buddies"
  Liabilities:US:Chase:Slate                       -47.02 USD
  Expenses:Food:Restaurant                          47.02 USD

2022-02-18 * "China Garden" "Eating out with Natasha"
  Liabilities:US:Chase:Slate                       -15.17 USD
  Expenses:Food:Restaurant                          15.17 USD

2022-02-21 balance Liabilities:US:Chase:Slate      -62.19 USD

2022-02-22 * "Cafe Modagor" "Eating out alone"
  Liabilities:US:Chase:Slate                       -15.23 USD
  Expenses:Food:Restaurant                          15.23 USD

2022-02-23 * "Corner Deli" "Buying groceries"
  Liabilities:US:Chase:Slate                      -112.57 USD
  Expenses:Food:Groceries                          112.57 USD

2022-02-25 * "Kin Soy" "Eating out after work"
  Liabilities:US:Chase:Slate                       -32.90 USD
  Expenses:Food:Restaurant                          32.90 USD

2022-02-28 * "Rose Flower" "Eating out with Bill"
  Liabilities:US:Chase:Slate                       -69.25 USD
  Expenses:Food:Restaurant                          69.25 USD

2022-03-03 * "Uncle Boons" "Eating out after work"
  Liabilities:US:Chase:Slate                       -43.50 USD
  Expenses:Food:Restaurant                          43.50 USD

2022-03-04 * "Metro Transport Authority" "Tram tickets"
  Liabilities:US:Chase:Slate                      -120.00 USD
  Expenses:Transport:Tram                          120.00 USD

2022-03-08 * "Goba Goba" "Eating out "
  Liabilities:US:Chase:Slate                       -39.48 USD
  Expenses:Food:Restaurant                          39.48 USD

2022-03-10 * "Chase:Slate" "Paying off credit card"
  Liabilities:US:Chase:Slate                       539.01 USD
  Assets:US:BofA:Checking                         -539.01 USD

2022-03-11 * "Uncle Boons" "Eating out with Julie"
  Liabilities:US:Chase:Slate                       -43.89 USD
  Expenses:Food:Restaurant                          43.89 USD

2022-03-12 * "Uncle Boons" "Eating out with Julie"
  Liabilities:US:Chase:Slate                       -11.71 USD
  Expenses:Food:Restaurant                          11.71 USD

2022-03-12 * "Onion Market" "Buying groceries"
  Liabilities:US:Chase:Slate                       -83.93 USD
  Expenses:Food:Groceries                           83.93 USD

2022-03-13 * "Chichipotle" "Eating out with Bill"
  Liabilities:US:Chase:Slate                       -33.32 USD
  Expenses:Food:Restaurant                          33.32 USD

2022-03-18 * "Goba Goba" "Eating out with Bill"
  Liabilities:US:Chase:Slate                       -53.22 USD
  Expenses:Food:Restaurant                          53.22 USD

2022-03-20 balance Liabilities:US:Chase:Slate     -182.18 USD

2022-03-22 * "Cafe Modagor" "Eating out with Julie"
  Liabilities:US:Chase:Slate                       -20.34 USD
  Expenses:Food:Restaurant                          20.34 USD

2022-03-22 * "Onion Market" "Buying groceries"
  Liabilities:US:Chase:Slate                       -98.71 USD
  Expenses:Food:Groceries                           98.71 USD

2022-03-25 * "Chichipotle" "Eating out with Natasha"
  Liabilities:US:Chase:Slate                       -20.34 USD
  Expenses:Food:Restaurant                          20.34 USD

2022-03-27 * "Chichipotle" "Eating out after work"
  Liabilities:US:Chase:Slate                       -38.61 USD
  Expenses:Food:Restaurant                          38.61 USD

2022-03-27 * "Farmer Fresh" "Buying groceries"
  Liabilities:US:Chase:Slate                       -73.29 USD
  Expenses:Food:Groceries                           73.29 USD

2022-03-30 * "Kin Soy" "Eating out alone"
  Liabilities:US:Chase:Slate                       -12.64 USD
  Expenses:Food:Restaurant                          12.64 USD

2022-04-01 * "Kin Soy" "Eating out with Julie"
  Liabilities:US:Chase:Slate                       -29.83 USD
  Expenses:Food:Restaurant                          29.83 USD

2022-04-02 * "Metro Transport Authority" "Tram tickets"
  Liabilities:US:Chase:Slate                      -120.00 USD
  Expenses:Transport:Tram                          120.00 USD

2022-04-04 * "Chichipotle" "Eating out with work buddies"
  Liabilities:US:Chase:Slate                       -28.20 USD
  Expenses:Food:Restaurant                          28.20 USD

2022-04-04 * "Farmer Fresh" "Buying groceries"
  Liabilities:US:Chase:Slate                      -101.69 USD
  Expenses:Food:Groceries                          101.69 USD

2022-04-07 * "Cafe Modagor" "Eating out with Joe"
  Liabilities:US:Chase:Slate                       -29.91 USD
  Expenses:Food:Restaurant                          29.91 USD

2022-04-07 * "Chase:Slate" "Paying off credit card"
  Liabilities:US:Chase:Slate                       755.74 USD
  Assets:US:BofA:Checking                         -755.74 USD

2022-04-08 * "Uncle Boons" "Eating out with Julie"
  Liabilities:US:Chase:Slate                       -24.48 USD
  Expenses:Food:Restaurant                          24.48 USD

2022-04-12 * "Rose Flower" "Eating out alone"
  Liabilities:US:Chase:Slate                       -49.09 USD
  Expenses:Food:Restaurant                          49.09 USD

2022-04-14 * "Jewel of Morroco" "Eating out with work buddies"
  Liabilities:US:Chase:Slate                       -53.17 USD
  Expenses:Food:Restaurant                          53.17 USD

2022-04-15 balance Liabilities:US:Chase:Slate     -126.74 USD

2022-04-16 * "Rose Flower" "Eating out with work buddies"
  Liabilities:US:Chase:Slate                       -31.67 USD
  Expenses:Food:Restaurant                          31.67 USD

2022-04-17 * "Goba Goba" "Eating out with work buddies"
  Liabilities:US:Chase:Slate                       -28.31 USD
  Expenses:Food:Restaurant                          28.31 USD

2022-04-19 * "Uncle Boons" "Eating out with work buddies"
  Liabilities:US:Chase:Slate                       -36.13 USD
  Expenses:Food:Restaurant                          36.13 USD

2022-04-20 * "Onion Market" "Buying groceries"
  Liabilities:US:Chase:Slate                       -83.93 USD
  Expenses:Food:Groceries                           83.93 USD

2022-04-21 * "Goba Goba" "Eating out after work"
  Liabilities:US:Chase:Slate                       -19.52 USD
  Expenses:Food:Restaurant                          19.52 USD

2022-04-25 * "Rose Flower" "Eating out after work"
  Liabilities:US:Chase:Slate                       -35.44 USD
  Expenses:Food:Restaurant                          35.44 USD

2022-04-30 * "Jewel of Morroco" "Eating out with Natasha"
  Liabilities:US:Chase:Slate                       -27.81 USD
  Expenses:Food:Restaurant                          27.81 USD

2022-05-03 * "Uncle Boons" "Eating out with Bill"
  Liabilities:US:Chase:Slate                       -55.04 USD
  Expenses:Food:Restaurant                          55.04 USD

2022-05-03 * "Corner Deli" "Buying groceries"
  Liabilities:US:Chase:Slate                      -110.60 USD
  Expenses:Food:Groceries                          110.60 USD

2022-05-04 * "Cafe Modagor" "Eating out after work"
  Liabilities:US:Chase:Slate                       -45.21 USD
  Expenses:Food:Restaurant                          45.21 USD

2022-05-04 * "Metro Transport Authority" "Tram tickets"
  Liabilities:US:Chase:Slate                      -120.00 USD
  Expenses:Transport:Tram                          120.00 USD

2022-05-05 * "Rose Flower" "Eating out with work buddies"
  Liabilities:US:Chase:Slate                       -89.45 USD
  Expenses:Food:Restaurant                          89.45 USD

2022-05-06 * "Rose Flower" "Eating out alone"
  Liabilities:US:Chase:Slate                       -23.18 USD
  Expenses:Food:Restaurant                          23.18 USD

2022-05-07 * "Uncle Boons" "Eating out alone"
  Liabilities:US:Chase:Slate                       -37.97 USD
  Expenses:Food:Restaurant                          37.97 USD

2022-05-08 * "Kin Soy" "Eating out with Julie"
  Liabilities:US:Chase:Slate                       -42.81 USD
  Expenses:Food:Restaurant                          42.81 USD

2022-05-08 * "Chase:Slate" "Paying off credit card"
  Liabilities:US:Chase:Slate                       913.81 USD
  Assets:US:BofA:Checking                         -913.81 USD

2022-05-11 * "Chichipotle" "Eating out with Natasha"
  Liabilities:US:Chase:Slate                       -54.65 USD
  Expenses:Food:Restaurant                          54.65 USD

2022-05-12 * "Farmer Fresh" "Buying groceries"
  Liabilities:US:Chase:Slate                       -84.67 USD
  Expenses:Food:Groceries                           84.67 USD

2022-05-13 * "Rose Flower" "Eating out with work buddies"
  Liabilities:US:Chase:Slate                       -36.37 USD
  Expenses:Food:Restaurant                          36.37 USD

2022-05-15 balance Liabilities:US:Chase:Slate     -175.69 USD

2022-05-15 * "Cafe Modagor" "Eating out alone"
  Liabilities:US:Chase:Slate                       -21.32 USD
  Expenses:Food:Restaurant                          21.32 USD

2022-05-18 * "China Garden" "Eating out alone"
  Liabilities:US:Chase:Slate                       -15.04 USD
  Expenses:Food:Restaurant                          15.04 USD

2022-05-21 * "Rose Flower" "Eating out with Natasha"
  Liabilities:US:Chase:Slate                       -25.23 USD
  Expenses:Food:Restaurant                          25.23 USD

2022-05-23 * "Cafe Modagor" "Eating out "
  Liabilities:US:Chase:Slate                       -18.83 USD
  Expenses:Food:Restaurant                          18.83 USD

2022-05-24 * "Corner Deli" "Buying groceries"
  Liabilities:US:Chase:Slate                       -79.38 USD
  Expenses:Food:Groceries                           79.38 USD

2022-05-26 * "Cafe Modagor" "Eating out with Joe"
  Liabilities:US:Chase:Slate                       -25.51 USD
  Expenses:Food:Restaurant                          25.51 USD

2022-05-28 * "Kin Soy" "Eating out after work"
  Liabilities:US:Chase:Slate                       -16.17 USD
  Expenses:Food:Restaurant                          16.17 USD

2022-05-31 * "China Garden" "Eating out with Bill"
  Liabilities:US:Chase:Slate                       -26.33 USD
  Expenses:Food:Restaurant                          26.33 USD

2022-05-31 * "Metro Transport Authority" "Tram tickets"
  Liabilities:US:Chase:Slate                      -120.00 USD
  Expenses:Transport:Tram                          120.00 USD

2022-06-01 * "Goba Goba" "Eating out with Natasha"
  Liabilities:US:Chase:Slate                       -13.72 USD
  Expenses:Food:Restaurant                          13.72 USD

2022-06-01 * "Good Moods Market" "Buying groceries"
  Liabilities:US:Chase:Slate                       -48.57 USD
  Expenses:Food:Groceries                           48.57 USD

2022-06-03 * "Uncle Boons" "Eating out with Natasha"
  Liabilities:US:Chase:Slate                       -46.69 USD
  Expenses:Food:Restaurant                          46.69 USD

2022-06-05 * "Cafe Modagor" "Eating out with Natasha"
  Liabilities:US:Chase:Slate                       -19.12 USD
  Expenses:Food:Restaurant                          19.12 USD

2022-06-07 * "Rose Flower" "Eating out after work"
  Liabilities:US:Chase:Slate                       -33.84 USD
  Expenses:Food:Restaurant                          33.84 USD

2022-06-07 * "Chase:Slate" "Paying off credit card"
  Liabilities:US:Chase:Slate                       685.44 USD
  Assets:US:BofA:Checking                         -685.44 USD

2022-06-10 balance Liabilities:US:Chase:Slate           0 USD

2022-06-11 * "Chichipotle" "Eating out with Julie"
  Liabilities:US:Chase:Slate                       -36.80 USD
  Expenses:Food:Restaurant                          36.80 USD

2022-06-13 * "Corner Deli" "Buying groceries"
  Liabilities:US:Chase:Slate                       -72.31 USD
  Expenses:Food:Groceries                           72.31 USD

2022-06-15 * "Chichipotle" "Eating out with Natasha"
  Liabilities:US:Chase:Slate                       -28.46 USD
  Expenses:Food:Restaurant                          28.46 USD

2022-06-18 * "Jewel of Morroco" "Eating out "
  Liabilities:US:Chase:Slate                       -28.11 USD
  Expenses:Food:Restaurant                          28.11 USD

2022-06-19 * "Jewel of Morroco" "Eating out with Joe"
  Liabilities:US:Chase:Slate                       -16.95 USD
  Expenses:Food:Restaurant                          16.95 USD

2022-06-22 * "Uncle Boons" "Eating out with Joe"
  Liabilities:US:Chase:Slate                       -47.10 USD
  Expenses:Food:Restaurant                          47.10 USD

2022-06-27 * "Uncle Boons" "Eating out alone"
  Liabilities:US:Chase:Slate                       -20.54 USD
  Expenses:Food:Restaurant                          20.54 USD

2022-06-27 * "Metro Transport Authority" "Tram tickets"
  Liabilities:US:Chase:Slate                      -120.00 USD
  Expenses:Transport:Tram                          120.00 USD

2022-06-30 * "Farmer Fresh" "Buying groceries"
  Liabilities:US:Chase:Slate                      -105.47 USD
  Expenses:Food:Groceries                          105.47 USD

2022-07-02 * "Uncle Boons" "Eating out "
  Liabilities:US:Chase:Slate                       -30.95 USD
  Expenses:Food:Restaurant                          30.95 USD

2022-07-05 * "Goba Goba" "Eating out with work buddies"
  Liabilities:US:Chase:Slate                       -18.90 USD
  Expenses:Food:Restaurant                          18.90 USD

2022-07-06 * "Uncle Boons" "Eating out with Joe"
  Liabilities:US:Chase:Slate                       -32.26 USD
  Expenses:Food:Restaurant                          32.26 USD

2022-07-07 * "Chichipotle" "Eating out after work"
  Liabilities:US:Chase:Slate                       -25.79 USD
  Expenses:Food:Restaurant                          25.79 USD

2022-07-07 * "Chase:Slate" "Paying off credit card"
  Liabilities:US:Chase:Slate                       583.64 USD
  Assets:US:BofA:Checking                         -583.64 USD

2022-07-08 * "Onion Market" "Buying groceries"
  Liabilities:US:Chase:Slate                       -85.33 USD
  Expenses:Food:Groceries                           85.33 USD

2022-07-10 balance Liabilities:US:Chase:Slate      -85.33 USD

2022-07-11 * "Goba Goba" "Eating out alone"
  Liabilities:US:Chase:Slate                       -28.98 USD
  Expenses:Food:Restaurant                          28.98 USD

2022-07-13 * "Uncle Boons" "Eating out with work buddies"
  Liabilities:US:Chase:Slate                       -32.74 USD
  Expenses:Food:Restaurant                          32.74 USD

2022-07-14 * "Corner Deli" "Buying groceries"
  Liabilities:US:Chase:Slate                       -66.55 USD
  Expenses:Food:Groceries                           66.55 USD

2022-07-17 * "Kin Soy" "Eating out "
  Liabilities:US:Chase:Slate                       -37.94 USD
  Expenses:Food:Restaurant                          37.94 USD

2022-07-19 * "Corner Deli" "Buying groceries"
  Liabilities:US:Chase:Slate                       -77.56 USD
  Expenses:Food:Groceries                           77.56 USD

2022-07-21 * "Kin Soy" "Eating out with Bill"
  Liabilities:US:Chase:Slate                       -35.40 USD
  Expenses:Food:Restaurant                          35.40 USD

2022-07-23 * "Chichipotle" "Eating out with Natasha"
  Liabilities:US:Chase:Slate                       -35.86 USD
  Expenses:Food:Restaurant                          35.86 USD

2022-07-25 * "Good Moods Market" "Buying groceries"
  Liabilities:US:Chase:Slate                       -51.52 USD
  Expenses:Food:Groceries                           51.52 USD

2022-07-27 * "Cafe Modagor" "Eating out alone"
  Liabilities:US:Chase:Slate                       -34.10 USD
  Expenses:Food:Restaurant                          34.10 USD

2022-07-28 * "Metro Transport Authority" "Tram tickets"
  Liabilities:US:Chase:Slate                      -120.00 USD
  Expenses:Transport:Tram                          120.00 USD

2022-08-01 event "location" "New York"

2022-08-02 * "Gimme! Coffee" "" #trip-new-york-2022
  Liabilities:US:Chase:Slate                        -4.88 USD
  Expenses:Food:Coffee                               4.88 USD

2022-08-03 * "Cafe Select" "" #trip-new-york-2022
  Liabilities:US:Chase:Slate                       -28.36 USD
  Expenses:Food:Restaurant                          28.36 USD

2022-08-03 * "Takahachi" "" #trip-new-york-2022
  Liabilities:US:Chase:Slate                       -48.55 USD
  Expenses:Food:Restaurant                          48.55 USD

2022-08-04 * "Cafe Select" "" #trip-new-york-2022
  Liabilities:US:Chase:Slate                       -27.15 USD
  Expenses:Food:Restaurant                          27.15 USD

2022-08-04 * "La Colombe" "" #trip-new-york-2022
  Liabilities:US:Chase:Slate                        -4.93 USD
  Expenses:Food:Coffee                               4.93 USD

2022-08-05 * "Uncle Boons" "" #trip-new-york-2022
  Liabilities:US:Chase:Slate                       -34.30 USD
  Expenses:Food:Restaurant                          34.30 USD

2022-08-05 * "Gimme! Coffee" "" #trip-new-york-2022
  Liabilities:US:Chase:Slate                        -6.95 USD
  Expenses:Food:Coffee                               6.95 USD

2022-08-06 * "Takahachi" "" #trip-new-york-2022
  Liabilities:US:Chase:Slate                       -44.99 USD
  Expenses:Food:Restaurant                          44.99 USD

2022-08-07 * "Gimme! Coffee" "" #trip-new-york-2022
  Liabilities:US:Chase:Slate                        -9.10 USD
  Expenses:Food:Coffee                               9.10 USD

2022-08-08 * "Chase:Slate" "Paying off credit card"
  Liabilities:US:Chase:Slate                       623.04 USD
  Assets:US:BofA:Checking                         -623.04 USD

2022-08-09 balance Liabilities:US:Chase:Slate     -192.15 USD

2022-08-09 * "Uncle Boons" "" #trip-new-york-2022
  Liabilities:US:Chase:Slate                       -42.94 USD
  Expenses:Food:Restaurant                          42.94 USD

2022-08-09 * "Cafe Select" "" #trip-new-york-2022
  Liabilities:US:Chase:Slate                       -29.38 USD
  Expenses:Food:Restaurant                          29.38 USD

2022-08-09 * "Takahachi" "" #trip-new-york-2022
  Liabilities:US:Chase:Slate                       -54.74 USD
  Expenses:Food:Restaurant                          54.74 USD

2022-08-09 * "Gimme! Coffee" "" #trip-new-york-2022
  Liabilities:US:Chase:Slate                        -7.88 USD
  Expenses:Food:Coffee                               7.88 USD

2022-08-10 * "Cafe Select" "" #trip-new-york-2022
  Liabilities:US:Chase:Slate                       -32.36 USD
  Expenses:Food:Restaurant                          32.36 USD

2022-08-10 * "Takahachi" "" #trip-new-york-2022
  Liabilities:US:Chase:Slate                       -51.05 USD
  Expenses:Food:Restaurant                          51.05 USD

2022-08-10 * "Laut" "" #trip-new-york-2022
  Liabilities:US:Chase:Slate                       -34.73 USD
  Expenses:Food:Restaurant                          34.73 USD

2022-08-11 * "Uncle Boons" "" #trip-new-york-2022
  Liabilities:US:Chase:Slate                       -43.12 USD
  Expenses:Food:Restaurant                          43.12 USD

2022-08-11 * "La Colombe" "" #trip-new-york-2022
  Liabilities:US:Chase:Slate                        -7.86 USD
  Expenses:Food:Coffee                               7.86 USD

2022-08-12 * "Uncle Boons" "" #trip-new-york-2022
  Liabilities:US:Chase:Slate                       -33.86 USD
  Expenses:Food:Restaurant                          33.86 USD

2022-08-12 * "La Colombe" "" #trip-new-york-2022
  Liabilities:US:Chase:Slate                        -6.02 USD
  Expenses:Food:Coffee                               6.02 USD

2022-08-13 * "Gimme! Coffee" "" #trip-new-york-2022
  Liabilities:US:Chase:Slate                        -7.25 USD
  Expenses:Food:Coffee                               7.25 USD

2022-08-13 * "Consume vacation days"
  Assets:US:BayBook:Vacation                          -96 VACHR
  Expenses:Vacation                                    96 VACHR

2022-08-13 event "location" "New Metropolis"

2022-08-14 * "Kin Soy" "Eating out alone"
  Liabilities:US:Chase:Slate                       -17.06 USD
  Expenses:Food:Restaurant                          17.06 USD

2022-08-15 * "Farmer Fresh" "Buying groceries"
  Liabilities:US:Chase:Slate                       -97.25 USD
  Expenses:Food:Groceries                           97.25 USD

2022-08-16 * "Rose Flower" "Eating out with Bill"
  Liabilities:US:Chase:Slate                       -21.79 USD
  Expenses:Food:Restaurant                          21.79 USD

2022-08-20 * "Uncle Boons" "Eating out "
  Liabilities:US:Chase:Slate                       -22.06 USD
  Expenses:Food:Restaurant                          22.06 USD

2022-08-22 * "China Garden" "Eating out with Bill"
  Liabilities:US:Chase:Slate                       -29.94 USD
  Expenses:Food:Restaurant                          29.94 USD

2022-08-26 * "Farmer Fresh" "Buying groceries"
  Liabilities:US:Chase:Slate                      -117.66 USD
  Expenses:Food:Groceries                          117.66 USD

2022-08-27 * "Chichipotle" "Eating out with Bill"
  Liabilities:US:Chase:Slate                       -59.85 USD
  Expenses:Food:Restaurant                          59.85 USD

2022-08-28 * "Kin Soy" "Eating out after work"
  Liabilities:US:Chase:Slate                       -30.18 USD
  Expenses:Food:Restaurant                          30.18 USD

2022-08-28 * "Metro Transport Authority" "Tram tickets"
  Liabilities:US:Chase:Slate                      -120.00 USD
  Expenses:Transport:Tram                          120.00 USD

2022-08-29 balance Liabilities:US:Chase:Slate    -1059.13 USD

2022-09-02 * "Goba Goba" "Eating out with work buddies"
  Liabilities:US:Chase:Slate                       -29.81 USD
  Expenses:Food:Restaurant                          29.81 USD

2022-09-04 * "Goba Goba" "Eating out with Natasha"
  Liabilities:US:Chase:Slate                       -16.12 USD
  Expenses:Food:Restaurant                          16.12 USD

2022-09-06 * "Jewel of Morroco" "Eating out after work"
  Liabilities:US:Chase:Slate                       -32.78 USD
  Expenses:Food:Restaurant                          32.78 USD

2022-09-07 * "Uncle Boons" "Eating out after work"
  Liabilities:US:Chase:Slate                       -39.99 USD
  Expenses:Food:Restaurant                          39.99 USD

2022-09-10 * "Cafe Modagor" "Eating out after work"
  Liabilities:US:Chase:Slate                       -34.72 USD
  Expenses:Food:Restaurant                          34.72 USD

2022-09-10 * "Chase:Slate" "Paying off credit card"
  Liabilities:US:Chase:Slate                       652.15 USD
  Assets:US:BofA:Checking                         -652.15 USD

2022-09-13 * "Rose Flower" "Eating out after work"
  Liabilities:US:Chase:Slate                       -21.47 USD
  Expenses:Food:Restaurant                          21.47 USD

2022-09-13 * "Corner Deli" "Buying groceries"
  Liabilities:US:Chase:Slate                       -73.88 USD
  Expenses:Food:Groceries                           73.88 USD

2022-09-14 * "Rose Flower" "Eating out after work"
  Liabilities:US:Chase:Slate                       -24.93 USD
  Expenses:Food:Restaurant                          24.93 USD

2022-09-15 * "Cafe Modagor" "Eating out after work"
  Liabilities:US:Chase:Slate                       -21.83 USD
  Expenses:Food:Restaurant                          21.83 USD

2022-09-18 * "Jewel of Morroco" "Eating out with Natasha"
  Liabilities:US:Chase:Slate                       -35.86 USD
  Expenses:Food:Restaurant                          35.86 USD

2022-09-18 * "Good Moods Market" "Buying groceries"
  Liabilities:US:Chase:Slate                       -91.50 USD
  Expenses:Food:Groceries                           91.50 USD

2022-09-23 * "Jewel of Morroco" "Eating out alone"
  Liabilities:US:Chase:Slate                       -35.83 USD
  Expenses:Food:Restaurant                          35.83 USD

2022-09-24 * "Metro Transport Authority" "Tram tickets"
  Liabilities:US:Chase:Slate                      -120.00 USD
  Expenses:Transport:Tram                          120.00 USD

2022-09-26 * "Goba Goba" "Eating out with Joe"
  Liabilities:US:Chase:Slate                       -63.79 USD
  Expenses:Food:Restaurant                          63.79 USD

2022-09-27 balance Liabilities:US:Chase:Slate    -1049.49 USD

2022-09-28 * "Corner Deli" "Buying groceries"
  Liabilities:US:Chase:Slate                       -66.92 USD
  Expenses:Food:Groceries                           66.92 USD

2022-10-01 * "Jewel of Morroco" "Eating out with work buddies"
  Liabilities:US:Chase:Slate                       -30.22 USD
  Expenses:Food:Restaurant                          30.22 USD

2022-10-06 * "Jewel of Morroco" "Eating out with Natasha"
  Liabilities:US:Chase:Slate                       -45.62 USD
  Expenses:Food:Restaurant                          45.62 USD

2022-10-07 * "Chase:Slate" "Paying off credit card"
  Liabilities:US:Chase:Slate                       656.07 USD
  Assets:US:BofA:Checking                         -656.07 USD

2022-10-09 * "Rose Flower" "Eating out with work buddies"
  Liabilities:US:Chase:Slate                       -24.22 USD
  Expenses:Food:Restaurant                          24.22 USD

2022-10-13 * "Goba Goba" "Eating out with Julie"
  Liabilities:US:Chase:Slate                       -34.87 USD
  Expenses:Food:Restaurant                          34.87 USD

2022-10-14 * "Farmer Fresh" "Buying groceries"
  Liabilities:US:Chase:Slate                      -114.82 USD
  Expenses:Food:Groceries                          114.82 USD

2022-10-17 * "Goba Goba" "Eating out alone"
  Liabilities:US:Chase:Slate                       -10.74 USD
  Expenses:Food:Restaurant                          10.74 USD

2022-10-21 * "Rose Flower" "Eating out with Joe"
  Liabilities:US:Chase:Slate                       -21.14 USD
  Expenses:Food:Restaurant                          21.14 USD

2022-10-22 * "Metro Transport Authority" "Tram tickets"
  Liabilities:US:Chase:Slate                      -120.00 USD
  Expenses:Transport:Tram                          120.00 USD

2022-10-23 * "Chichipotle" "Eating out with Joe"
  Liabilities:US:Chase:Slate                       -24.78 USD
  Expenses:Food:Restaurant                          24.78 USD

2022-10-25 balance Liabilities:US:Chase:Slate     -886.75 USD

2022-10-27 * "Jewel of Morroco" "Eating out alone"
  Liabilities:US:Chase:Slate                       -33.78 USD
  Expenses:Food:Restaurant                          33.78 USD

2022-10-28 * "Good Moods Market" "Buying groceries"
  Liabilities:US:Chase:Slate                       -61.96 USD
  Expenses:Food:Groceries                           61.96 USD

2022-11-01 * "Rose Flower" "Eating out with Joe"
  Liabilities:US:Chase:Slate                       -29.13 USD
  Expenses:Food:Restaurant                          29.13 USD

2022-11-02 * "Uncle Boons" "Eating out after work"
  Liabilities:US:Chase:Slate                       -34.15 USD
  Expenses:Food:Restaurant                          34.15 USD

2022-11-06 * "Kin Soy" "Eating out with Natasha"
  Liabilities:US:Chase:Slate                       -40.28 USD
  Expenses:Food:Restaurant                          40.28 USD

2022-11-08 * "Chase:Slate" "Paying off credit card"
  Liabilities:US:Chase:Slate                       621.53 USD
  Assets:US:BofA:Checking                         -621.53 USD

2022-11-10 * "Good Moods Market" "Buying groceries"
  Liabilities:US:Chase:Slate                       -95.88 USD
  Expenses:Food:Groceries                           95.88 USD

2022-11-11 * "Uncle Boons" "Eating out with Joe"
  Liabilities:US:Chase:Slate                       -38.36 USD
  Expenses:Food:Restaurant                          38.36 USD

2022-11-16 * "China Garden" "Eating out "
  Liabilities:US:Chase:Slate                       -27.90 USD
  Expenses:Food:Restaurant                          27.90 USD

2022-11-18 * "China Garden" "Eating out with Natasha"
  Liabilities:US:Chase:Slate                       -36.46 USD
  Expenses:Food:Restaurant                          36.46 USD

2022-11-22 * "Metro Transport Authority" "Tram tickets"
  Liabilities:US:Chase:Slate                      -120.00 USD
  Expenses:Transport:Tram                          120.00 USD

2022-11-23 * "China Garden" "Eating out with Natasha"
  Liabilities:US:Chase:Slate                       -15.85 USD
  Expenses:Food:Restaurant                          15.85 USD

2022-11-24 balance Liabilities:US:Chase:Slate     -798.97 USD

2022-11-28 * "Jewel of Morroco" "Eating out with Julie"
  Liabilities:US:Chase:Slate                       -18.40 USD
  Expenses:Food:Restaurant                          18.40 USD

2022-11-29 * "Chichipotle" "Eating out after work"
  Liabilities:US:Chase:Slate                       -25.63 USD
  Expenses:Food:Restaurant                          25.63 USD

2022-11-30 * "Onion Market" "Buying groceries"
  Liabilities:US:Chase:Slate                       -65.06 USD
  Expenses:Food:Groceries                           65.06 USD

2022-12-03 * "Jewel of Morroco" "Eating out "
  Liabilities:US:Chase:Slate                       -41.01 USD
  Expenses:Food:Restaurant                          41.01 USD

2022-12-07 * "Goba Goba" "Eating out with Bill"
  Liabilities:US:Chase:Slate                       -32.12 USD
  Expenses:Food:Restaurant                          32.12 USD

2022-12-08 * "Cafe Modagor" "Eating out with Bill"
  Liabilities:US:Chase:Slate                       -27.23 USD
  Expenses:Food:Restaurant                          27.23 USD

2022-12-09 * "Chase:Slate" "Paying off credit card"
  Liabilities:US:Chase:Slate                       503.52 USD
  Assets:US:BofA:Checking                         -503.52 USD

2022-12-10 * "Farmer Fresh" "Buying groceries"
  Liabilities:US:Chase:Slate                       -55.50 USD
  Expenses:Food:Groceries                           55.50 USD

2022-12-12 * "Goba Goba" "Eating out with Bill"
  Liabilities:US:Chase:Slate                       -52.32 USD
  Expenses:Food:Restaurant                          52.32 USD

2022-12-15 * "Corner Deli" "Buying groceries"
  Liabilities:US:Chase:Slate                       -76.24 USD
  Expenses:Food:Groceries                           76.24 USD

2022-12-17 * "Kin Soy" "Eating out alone"
  Liabilities:US:Chase:Slate                       -17.23 USD
  Expenses:Food:Restaurant                          17.23 USD

2022-12-18 * "Goba Goba" "Eating out with Bill"
  Liabilities:US:Chase:Slate                       -31.25 USD
  Expenses:Food:Restaurant                          31.25 USD

2022-12-21 * "Goba Goba" "Eating out with Bill"
  Liabilities:US:Chase:Slate                       -33.90 USD
  Expenses:Food:Restaurant                          33.90 USD

2022-12-22 balance Liabilities:US:Chase:Slate     -771.34 USD

2022-12-25 * "Kin Soy" "Eating out with Joe"
  Liabilities:US:Chase:Slate                       -33.89 USD
  Expenses:Food:Restaurant                          33.89 USD

2022-12-25 * "Metro Transport Authority" "Tram tickets"
  Liabilities:US:Chase:Slate                      -120.00 USD
  Expenses:Transport:Tram                          120.00 USD

2022-12-30 * "Cafe Modagor" "Eating out with Julie"
  Liabilities:US:Chase:Slate                       -50.53 USD
  Expenses:Food:Restaurant                          50.53 USD

2023-01-03 * "Rose Flower" "Eating out alone"
  Liabilities:US:Chase:Slate                       -37.41 USD
  Expenses:Food:Restaurant                          37.41 USD

2023-01-03 * "Farmer Fresh" "Buying groceries"
  Liabilities:US:Chase:Slate                       -75.76 USD
  Expenses:Food:Groceries                           75.76 USD

2023-01-04 * "Rose Flower" "Eating out with Julie"
  Liabilities:US:Chase:Slate                       -33.70 USD
  Expenses:Food:Restaurant                          33.70 USD

2023-01-05 * "Goba Goba" "Eating out after work"
  Liabilities:US:Chase:Slate                       -27.58 USD
  Expenses:Food:Restaurant                          27.58 USD

2023-01-08 * "Chase:Slate" "Paying off credit card"
  Liabilities:US:Chase:Slate                       637.93 USD
  Assets:US:BofA:Checking                         -637.93 USD

2023-01-10 * "Jewel of Morroco" "Eating out with Julie"
  Liabilities:US:Chase:Slate                       -48.12 USD
  Expenses:Food:Restaurant                          48.12 USD

2023-01-12 balance Liabilities:US:Chase:Slate     -560.40 USD

2023-01-14 * "Uncle Boons" "Eating out with work buddies"
  Liabilities:US:Chase:Slate                       -42.34 USD
  Expenses:Food:Restaurant                          42.34 USD

2023-01-16 * "China Garden" "Eating out with Bill"
  Liabilities:US:Chase:Slate                       -50.28 USD
  Expenses:Food:Restaurant                          50.28 USD

2023-01-19 * "Chichipotle" "Eating out with Joe"
  Liabilities:US:Chase:Slate                       -23.09 USD
  Expenses:Food:Restaurant                          23.09 USD

2023-01-19 * "Farmer Fresh" "Buying groceries"
  Liabilities:US:Chase:Slate                      -117.90 USD
  Expenses:Food:Groceries                          117.90 USD

2023-01-21 * "Kin Soy" "Eating out alone"
  Liabilities:US:Chase:Slate                       -24.44 USD
  Expenses:Food:Restaurant                          24.44 USD

2023-01-22 * "Metro Transport Authority" "Tram tickets"
  Liabilities:US:Chase:Slate                      -120.00 USD
  Expenses:Transport:Tram                          120.00 USD

2023-01-23 * "Kin Soy" "Eating out with Natasha"
  Liabilities:US:Chase:Slate                       -33.86 USD
  Expenses:Food:Restaurant                          33.86 USD

2023-01-24 * "Jewel of Morroco" "Eating out alone"
  Liabilities:US:Chase:Slate                       -14.53 USD
  Expenses:Food:Restaurant                          14.53 USD

2023-01-28 * "Cafe Modagor" "Eating out with Julie"
  Liabilities:US:Chase:Slate                       -40.91 USD
  Expenses:Food:Restaurant                          40.91 USD

2023-02-01 * "China Garden" "Eating out with Bill"
  Liabilities:US:Chase:Slate                       -21.91 USD
  Expenses:Food:Restaurant                          21.91 USD

2023-02-01 * "Onion Market" "Buying groceries"
  Liabilities:US:Chase:Slate                       -71.11 USD
  Expenses:Food:Groceries                           71.11 USD

2023-02-03 balance Liabilities:US:Chase:Slate    -1120.77 USD

2023-02-03 * "Uncle Boons" "Eating out with Natasha"
  Liabilities:US:Chase:Slate                       -25.46 USD
  Expenses:Food:Restaurant                          25.46 USD

2023-02-08 * "Rose Flower" "Eating out with work buddies"
  Liabilities:US:Chase:Slate                       -40.00 USD
  Expenses:Food:Restaurant                          40.00 USD

2023-02-09 * "Chase:Slate" "Paying off credit card"
  Liabilities:US:Chase:Slate                       661.30 USD
  Assets:US:BofA:Checking                         -661.30 USD

2023-02-13 * "Uncle Boons" "Eating out with Joe"
  Liabilities:US:Chase:Slate                       -35.47 USD
  Expenses:Food:Restaurant                          35.47 USD

2023-02-14 * "Cafe Modagor" "Eating out with Natasha"
  Liabilities:US:Chase:Slate                       -41.89 USD
  Expenses:Food:Restaurant                          41.89 USD

2023-02-16 * "Onion Market" "Buying groceries"
  Liabilities:US:Chase:Slate                       -45.30 USD
  Expenses:Food:Groceries                           45.30 USD

2023-02-18 * "Jewel of Morroco" "Eating out with Natasha"
  Liabilities:US:Chase:Slate                       -33.93 USD
  Expenses:Food:Restaurant                          33.93 USD

2023-02-20 * "Goba Goba" "Eating out with work buddies"
  Liabilities:US:Chase:Slate                       -43.02 USD
  Expenses:Food:Restaurant                          43.02 USD

2023-02-21 * "Jewel of Morroco" "Eating out "
  Liabilities:US:Chase:Slate                       -66.19 USD
  Expenses:Food:Restaurant                          66.19 USD

2023-02-24 * "Metro Transport Authority" "Tram tickets"
  Liabilities:US:Chase:Slate                      -120.00 USD
  Expenses:Transport:Tram                          120.00 USD

2023-02-26 * "Goba Goba" "Eating out with Julie"
  Liabilities:US:Chase:Slate                       -33.42 USD
  Expenses:Food:Restaurant                          33.42 USD

2023-02-27 * "Good Moods Market" "Buying groceries"
  Liabilities:US:Chase:Slate                       -77.28 USD
  Expenses:Food:Groceries                           77.28 USD

2023-03-01 balance Liabilities:US:Chase:Slate    -1021.43 USD

2023-03-02 * "Goba Goba" "Eating out with Bill"
  Liabilities:US:Chase:Slate                       -27.82 USD
  Expenses:Food:Restaurant                          27.82 USD

2023-03-07 * "China Garden" "Eating out with Julie"
  Liabilities:US:Chase:Slate                       -29.61 USD
  Expenses:Food:Restaurant                          29.61 USD

2023-03-08 * "Kin Soy" "Eating out alone"
  Liabilities:US:Chase:Slate                       -23.09 USD
  Expenses:Food:Restaurant                          23.09 USD

2023-03-09 * "Chase:Slate" "Paying off credit card"
  Liabilities:US:Chase:Slate                       585.40 USD
  Assets:US:BofA:Checking                         -585.40 USD

2023-03-10 * "Farmer Fresh" "Buying groceries"
  Liabilities:US:Chase:Slate                       -43.85 USD
  Expenses:Food:Groceries                           43.85 USD

2023-03-13 * "Cafe Modagor" "Eating out after work"
  Liabilities:US:Chase:Slate                       -26.44 USD
  Expenses:Food:Restaurant                          26.44 USD

2023-03-14 * "Goba Goba" "Eating out with work buddies"
  Liabilities:US:Chase:Slate                       -25.21 USD
  Expenses:Food:Restaurant                          25.21 USD

2023-03-18 * "Jewel of Morroco" "Eating out with Natasha"
  Liabilities:US:Chase:Slate                       -15.87 USD
  Expenses:Food:Restaurant                          15.87 USD

2023-03-22 * "Chichipotle" "Eating out with Joe"
  Liabilities:US:Chase:Slate                       -35.48 USD
  Expenses:Food:Restaurant                          35.48 USD

2023-03-27 * "Goba Goba" "Eating out with work buddies"
  Liabilities:US:Chase:Slate                       -18.51 USD
  Expenses:Food:Restaurant                          18.51 USD

2023-03-27 * "Metro Transport Authority" "Tram tickets"
  Liabilities:US:Chase:Slate                      -120.00 USD
  Expenses:Transport:Tram                          120.00 USD

2023-03-28 * "Rose Flower" "Eating out with Natasha"
  Liabilities:US:Chase:Slate                       -41.64 USD
  Expenses:Food:Restaurant                          41.64 USD

2023-03-28 * "Onion Market" "Buying groceries"
  Liabilities:US:Chase:Slate                       -78.69 USD
  Expenses:Food:Groceries                           78.69 USD

2023-03-29 balance Liabilities:US:Chase:Slate     -922.24 USD

2023-03-29 * "China Garden" "Eating out after work"
  Liabilities:US:Chase:Slate                       -31.60 USD
  Expenses:Food:Restaurant                          31.60 USD

2023-04-02 event "location" "San Francisco"

2023-04-03 * "Waterbar" "" #trip-san-francisco-2023
  Liabilities:US:Chase:Slate                       -46.13 USD
  Expenses:Food:Restaurant                          46.13 USD

2023-04-03 * "Starbucks" "" #trip-san-francisco-2023
  Liabilities:US:Chase:Slate                        -6.42 USD
  Expenses:Food:Coffee                               6.42 USD

2023-04-04 * "Pizza Delfina" "" #trip-san-francisco-2023
  Liabilities:US:Chase:Slate                       -20.74 USD
  Expenses:Food:Restaurant                          20.74 USD

2023-04-06 * "Pizza Delfina" "" #trip-san-francisco-2023
  Liabilities:US:Chase:Slate                       -14.73 USD
  Expenses:Food:Restaurant                          14.73 USD

2023-04-06 * "Mission Chinese Food" "" #trip-san-francisco-2023
  Liabilities:US:Chase:Slate                       -27.64 USD
  Expenses:Food:Restaurant                          27.64 USD

2023-04-06 * "Starbucks" "" #trip-san-francisco-2023
  Liabilities:US:Chase:Slate                        -4.78 USD
  Expenses:Food:Coffee                               4.78 USD

2023-04-07 * "Bar Crudo" "" #trip-san-francisco-2023
  Liabilities:US:Chase:Slate                       -75.59 USD
  Expenses:Food:Restaurant                          75.59 USD

2023-04-08 * "Mission Chinese Food" "" #trip-san-francisco-2023
  Liabilities:US:Chase:Slate                       -26.24 USD
  Expenses:Food:Restaurant                          26.24 USD

2023-04-09 * "Bar Crudo" "" #trip-san-francisco-2023
  Liabilities:US:Chase:Slate                       -78.82 USD
  Expenses:Food:Restaurant                          78.82 USD

2023-04-09 * "Starbucks" "" #trip-san-francisco-2023
  Liabilities:US:Chase:Slate                        -6.14 USD
  Expenses:Food:Coffee                               6.14 USD

2023-04-10 * "Bar Crudo" "" #trip-san-francisco-2023
  Liabilities:US:Chase:Slate                       -73.48 USD
  Expenses:Food:Restaurant                          73.48 USD

2023-04-10 * "Waterbar" "" #trip-san-francisco-2023
  Liabilities:US:Chase:Slate                       -42.92 USD
  Expenses:Food:Restaurant                          42.92 USD

2023-04-10 * "Chase:Slate" "Paying off credit card"
  Liabilities:US:Chase:Slate                       477.03 USD
  Assets:US:BofA:Checking                         -477.03 USD

2023-04-11 * "Starbucks" "" #trip-san-francisco-2023
  Liabilities:US:Chase:Slate                        -6.01 USD
  Expenses:Food:Coffee                               6.01 USD

2023-04-12 * "Pizza Delfina" "" #trip-san-francisco-2023
  Liabilities:US:Chase:Slate                       -17.99 USD
  Expenses:Food:Restaurant                          17.99 USD

2023-04-12 * "Waterbar" "" #trip-san-francisco-2023
  Liabilities:US:Chase:Slate                       -56.07 USD
  Expenses:Food:Restaurant                          56.07 USD

2023-04-12 * "Mission Chinese Food" "" #trip-san-francisco-2023
  Liabilities:US:Chase:Slate                       -18.07 USD
  Expenses:Food:Restaurant                          18.07 USD

2023-04-13 * "Bar Crudo" "" #trip-san-francisco-2023
  Liabilities:US:Chase:Slate                       -61.90 USD
  Expenses:Food:Restaurant                          61.90 USD

2023-04-13 * "Pizza Delfina" "" #trip-san-francisco-2023
  Liabilities:US:Chase:Slate                       -17.02 USD
  Expenses:Food:Restaurant                          17.02 USD

2023-04-13 * "Waterbar" "" #trip-san-francisco-2023
  Liabilities:US:Chase:Slate                       -52.76 USD
  Expenses:Food:Restaurant                          52.76 USD

2023-04-13 * "Mission Chinese Food" "" #trip-san-francisco-2023
  Liabilities:US:Chase:Slate                       -36.82 USD
  Expenses:Food:Restaurant                          36.82 USD

2023-04-14 * "Mission Chinese Food" "" #trip-san-francisco-2023
  Liabilities:US:Chase:Slate                       -27.24 USD
  Expenses:Food:Restaurant                          27.24 USD

2023-04-16 * "Pizza Delfina" "" #trip-san-francisco-2023
  Liabilities:US:Chase:Slate                       -19.18 USD
  Expenses:Food:Restaurant                          19.18 USD

2023-04-17 * "Pizza Delfina" "" #trip-san-francisco-2023
  Liabilities:US:Chase:Slate                       -22.32 USD
  Expenses:Food:Restaurant                          22.32 USD

2023-04-18 * "Bar Crudo" "" #trip-san-francisco-2023
  Liabilities:US:Chase:Slate                       -63.46 USD
  Expenses:Food:Restaurant                          63.46 USD

2023-04-18 * "Pizza Delfina" "" #trip-san-francisco-2023
  Liabilities:US:Chase:Slate                       -17.44 USD
  Expenses:Food:Restaurant                          17.44 USD

2023-04-18 * "Waterbar" "" #trip-san-francisco-2023
  Liabilities:US:Chase:Slate                       -44.57 USD
  Expenses:Food:Restaurant                          44.57 USD

2023-04-18 * "Mission Chinese Food" "" #trip-san-francisco-2023
  Liabilities:US:Chase:Slate                       -31.55 USD
  Expenses:Food:Restaurant                          31.55 USD

2023-04-18 * "Starbucks" "" #trip-san-francisco-2023
  Liabilities:US:Chase:Slate                        -4.88 USD
  Expenses:Food:Coffee                               4.88 USD

2023-04-19 * "Pizza Delfina" "" #trip-san-francisco-2023
  Liabilities:US:Chase:Slate                       -21.31 USD
  Expenses:Food:Restaurant                          21.31 USD

2023-04-19 * "Waterbar" "" #trip-san-francisco-2023
  Liabilities:US:Chase:Slate                       -40.87 USD
  Expenses:Food:Restaurant                          40.87 USD

2023-04-20 balance Liabilities:US:Chase:Slate    -1459.90 USD

2023-04-20 * "Pizza Delfina" "" #trip-san-francisco-2023
  Liabilities:US:Chase:Slate                       -19.97 USD
  Expenses:Food:Restaurant                          19.97 USD

2023-04-21 * "Starbucks" "" #trip-san-francisco-2023
  Liabilities:US:Chase:Slate                        -6.22 USD
  Expenses:Food:Coffee                               6.22 USD

2023-04-22 * "Farmer Fresh" "Buying groceries"
  Liabilities:US:Chase:Slate                       -83.59 USD
  Expenses:Food:Groceries                           83.59 USD

2023-04-22 * "Pizza Delfina" "" #trip-san-francisco-2023
  Liabilities:US:Chase:Slate                       -21.38 USD
  Expenses:Food:Restaurant                          21.38 USD

2023-04-22 * "Mission Chinese Food" "" #trip-san-francisco-2023
  Liabilities:US:Chase:Slate                       -23.76 USD
  Expenses:Food:Restaurant                          23.76 USD

2023-04-22 * "Consume vacation days"
  Assets:US:BayBook:Vacation                         -160 VACHR
  Expenses:Vacation                                   160 VACHR

2023-04-22 event "location" "New Metropolis"

2023-04-24 * "Cafe Modagor" "Eating out with Natasha"
  Liabilities:US:Chase:Slate                       -32.57 USD
  Expenses:Food:Restaurant                          32.57 USD

2023-04-26 * "Uncle Boons" "Eating out with Julie"
  Liabilities:US:Chase:Slate                       -28.01 USD
  Expenses:Food:Restaurant                          28.01 USD

2023-04-26 * "Metro Transport Authority" "Tram tickets"
  Liabilities:US:Chase:Slate                      -120.00 USD
  Expenses:Transport:Tram                          120.00 USD

2023-04-28 * "Cafe Modagor" "Eating out after work"
  Liabilities:US:Chase:Slate                       -15.73 USD
  Expenses:Food:Restaurant                          15.73 USD

2023-05-01 * "Rose Flower" "Eating out with Joe"
  Liabilities:US:Chase:Slate                       -18.99 USD
  Expenses:Food:Restaurant                          18.99 USD

2023-05-02 * "Farmer Fresh" "Buying groceries"
  Liabilities:US:Chase:Slate                       -67.03 USD
  Expenses:Food:Groceries                           67.03 USD

2023-05-04 * "Rose Flower" "Eating out alone"
  Liabilities:US:Chase:Slate                       -28.01 USD
  Expenses:Food:Restaurant                          28.01 USD

2023-05-06 * "Chichipotle" "Eating out with Julie"
  Liabilities:US:Chase:Slate                       -32.13 USD
  Expenses:Food:Restaurant                          32.13 USD

2023-05-07 * "China Garden" "Eating out with Julie"
  Liabilities:US:Chase:Slate                       -25.12 USD
  Expenses:Food:Restaurant                          25.12 USD

2023-05-08 * "Uncle Boons" "Eating out with Joe"
  Liabilities:US:Chase:Slate                       -15.49 USD
  Expenses:Food:Restaurant                          15.49 USD

2023-05-09 * "Kin Soy" "Eating out with Julie"
  Liabilities:US:Chase:Slate                       -30.62 USD
  Expenses:Food:Restaurant                          30.62 USD

2023-05-10 * "Chase:Slate" "Paying off credit card"
  Liabilities:US:Chase:Slate                       436.18 USD
  Assets:US:BofA:Checking                         -436.18 USD

2023-05-13 * "China Garden" "Eating out alone"
  Liabilities:US:Chase:Slate                       -22.48 USD
  Expenses:Food:Restaurant                          22.48 USD

2023-05-14 balance Liabilities:US:Chase:Slate    -1614.82 USD

2023-05-14 * "Uncle Boons" "Eating out alone"
  Liabilities:US:Chase:Slate                       -23.15 USD
  Expenses:Food:Restaurant                          23.15 USD

2023-05-15 * "Corner Deli" "Buying groceries"
  Liabilities:US:Chase:Slate                      -151.26 USD
  Expenses:Food:Groceries                          151.26 USD

2023-05-19 * "Cafe Modagor" "Eating out alone"
  Liabilities:US:Chase:Slate                       -29.45 USD
  Expenses:Food:Restaurant                          29.45 USD

2023-05-24 * "Kin Soy" "Eating out "
  Liabilities:US:Chase:Slate                       -26.67 USD
  Expenses:Food:Restaurant                          26.67 USD

2023-05-29 * "Chichipotle" "Eating out "
  Liabilities:US:Chase:Slate                       -33.10 USD
  Expenses:Food:Restaurant                          33.10 USD

2023-05-29 * "Metro Transport Authority" "Tram tickets"
  Liabilities:US:Chase:Slate                      -120.00 USD
  Expenses:Transport:Tram                          120.00 USD

2023-06-01 * "Good Moods Market" "Buying groceries"
  Liabilities:US:Chase:Slate                      -141.24 USD
  Expenses:Food:Groceries                          141.24 USD

2023-06-03 * "Uncle Boons" "Eating out alone"
  Liabilities:US:Chase:Slate                       -26.62 USD
  Expenses:Food:Restaurant                          26.62 USD

2023-06-06 balance Liabilities:US:Chase:Slate    -2166.31 USD

2023-06-08 * "Rose Flower" "Eating out "
  Liabilities:US:Chase:Slate                       -31.13 USD
  Expenses:Food:Restaurant                          31.13 USD

2023-06-08 * "Onion Market" "Buying groceries"
  Liabilities:US:Chase:Slate                       -92.80 USD
  Expenses:Food:Groceries                           92.80 USD

2023-06-11 * "Chase:Slate" "Paying off credit card"
  Liabilities:US:Chase:Slate                       718.21 USD
  Assets:US:BofA:Checking                         -718.21 USD

2023-06-12 * "Kin Soy" "Eating out "
  Liabilities:US:Chase:Slate                       -42.79 USD
  Expenses:Food:Restaurant                          42.79 USD

2023-06-15 * "Jewel of Morroco" "Eating out with Joe"
  Liabilities:US:Chase:Slate                       -43.21 USD
  Expenses:Food:Restaurant                          43.21 USD

2023-06-16 * "Uncle Boons" "Eating out with Joe"
  Liabilities:US:Chase:Slate                       -18.85 USD
  Expenses:Food:Restaurant                          18.85 USD

2023-06-19 * "Rose Flower" "Eating out with Julie"
  Liabilities:US:Chase:Slate                       -26.48 USD
  Expenses:Food:Restaurant                          26.48 USD

2023-06-20 * "Cafe Modagor" "Eating out with Bill"
  Liabilities:US:Chase:Slate                       -20.87 USD
  Expenses:Food:Restaurant                          20.87 USD

2023-06-23 * "China Garden" "Eating out with work buddies"
  Liabilities:US:Chase:Slate                       -35.59 USD
  Expenses:Food:Restaurant                          35.59 USD

2023-06-25 * "Onion Market" "Buying groceries"
  Liabilities:US:Chase:Slate                       -87.28 USD
  Expenses:Food:Groceries                           87.28 USD

2023-06-26 * "Cafe Modagor" "Eating out with Julie"
  Liabilities:US:Chase:Slate                        -9.36 USD
  Expenses:Food:Restaurant                           9.36 USD

2023-06-27 * "Metro Transport Authority" "Tram tickets"
  Liabilities:US:Chase:Slate                      -120.00 USD
  Expenses:Transport:Tram                          120.00 USD

2023-06-30 * "Kin Soy" "Eating out with Julie"
  Liabilities:US:Chase:Slate                       -65.19 USD
  Expenses:Food:Restaurant                          65.19 USD

2023-07-02 * "Goba Goba" "Eating out with work buddies"
  Liabilities:US:Chase:Slate                       -38.10 USD
  Expenses:Food:Restaurant                          38.10 USD

2023-07-03 balance Liabilities:US:Chase:Slate    -2079.75 USD

2023-07-05 * "Rose Flower" "Eating out after work"
  Liabilities:US:Chase:Slate                       -22.97 USD
  Expenses:Food:Restaurant                          22.97 USD

2023-07-09 * "Chichipotle" "Eating out after work"
  Liabilities:US:Chase:Slate                       -40.43 USD
  Expenses:Food:Restaurant                          40.43 USD

2023-07-11 * "Chase:Slate" "Paying off credit card"
  Liabilities:US:Chase:Slate                       542.32 USD
  Assets:US:BofA:Checking                         -542.32 USD

2023-07-14 * "Uncle Boons" "Eating out alone"
  Liabilities:US:Chase:Slate                       -13.99 USD
  Expenses:Food:Restaurant                          13.99 USD

2023-07-14 * "Farmer Fresh" "Buying groceries"
  Liabilities:US:Chase:Slate                       -96.05 USD
  Expenses:Food:Groceries                           96.05 USD

2023-07-15 * "Uncle Boons" "Eating out alone"
  Liabilities:US:Chase:Slate                       -33.46 USD
  Expenses:Food:Restaurant                          33.46 USD

2023-07-18 * "Goba Goba" "Eating out with work buddies"
  Liabilities:US:Chase:Slate                       -34.47 USD
  Expenses:Food:Restaurant                          34.47 USD

2023-07-19 * "Rose Flower" "Eating out with Joe"
  Liabilities:US:Chase:Slate                       -89.49 USD
  Expenses:Food:Restaurant                          89.49 USD

2023-07-20 * "Rose Flower" "Eating out with Julie"
  Liabilities:US:Chase:Slate                       -31.21 USD
  Expenses:Food:Restaurant                          31.21 USD

2023-07-20 * "Onion Market" "Buying groceries"
  Liabilities:US:Chase:Slate                       -90.12 USD
  Expenses:Food:Groceries                           90.12 USD

2023-07-24 * "Uncle Boons" "Eating out with Julie"
  Liabilities:US:Chase:Slate                       -22.31 USD
  Expenses:Food:Restaurant                          22.31 USD

2023-07-25 balance Liabilities:US:Chase:Slate    -2011.93 USD

2023-07-26 * "Rose Flower" "Eating out after work"
  Liabilities:US:Chase:Slate                       -19.93 USD
  Expenses:Food:Restaurant                          19.93 USD

2023-07-27 * "Metro Transport Authority" "Tram tickets"
  Liabilities:US:Chase:Slate                      -120.00 USD
  Expenses:Transport:Tram                          120.00 USD

2023-07-29 * "Cafe Modagor" "Eating out with Bill"
  Liabilities:US:Chase:Slate                       -28.09 USD
  Expenses:Food:Restaurant                          28.09 USD

2023-07-31 * "Rose Flower" "Eating out after work"
  Liabilities:US:Chase:Slate                       -22.79 USD
  Expenses:Food:Restaurant                          22.79 USD

2023-08-02 * "Rose Flower" "Eating out with work buddies"
  Liabilities:US:Chase:Slate                       -17.38 USD
  Expenses:Food:Restaurant                          17.38 USD

2023-08-05 * "Cafe Modagor" "Eating out with Joe"
  Liabilities:US:Chase:Slate                       -22.90 USD
  Expenses:Food:Restaurant                          22.90 USD

2023-08-07 * "Rose Flower" "Eating out with work buddies"
  Liabilities:US:Chase:Slate                       -41.10 USD
  Expenses:Food:Restaurant                          41.10 USD

2023-08-07 * "Onion Market" "Buying groceries"
  Liabilities:US:Chase:Slate                       -76.24 USD
  Expenses:Food:Groceries                           76.24 USD

2023-08-09 * "Jewel of Morroco" "Eating out alone"
  Liabilities:US:Chase:Slate                       -24.84 USD
  Expenses:Food:Restaurant                          24.84 USD

2023-08-10 * "China Garden" "Eating out with Bill"
  Liabilities:US:Chase:Slate                       -28.03 USD
  Expenses:Food:Restaurant                          28.03 USD

2023-08-11 * "Chase:Slate" "Paying off credit card"
  Liabilities:US:Chase:Slate                       894.29 USD
  Assets:US:BofA:Checking                         -894.29 USD

2023-08-12 * "Good Moods Market" "Buying groceries"
  Liabilities:US:Chase:Slate                       -95.88 USD
  Expenses:Food:Groceries                           95.88 USD

2023-08-15 * "Uncle Boons" "Eating out with work buddies"
  Liabilities:US:Chase:Slate                       -34.39 USD
  Expenses:Food:Restaurant                          34.39 USD

2023-08-18 * "China Garden" "Eating out after work"
  Liabilities:US:Chase:Slate                       -39.75 USD
  Expenses:Food:Restaurant                          39.75 USD

2023-08-19 balance Liabilities:US:Chase:Slate    -1688.96 USD

2023-08-21 * "China Garden" "Eating out with Bill"
  Liabilities:US:Chase:Slate                       -26.17 USD
  Expenses:Food:Restaurant                          26.17 USD

2023-08-24 * "Goba Goba" "Eating out with Bill"
  Liabilities:US:Chase:Slate                       -17.60 USD
  Expenses:Food:Restaurant                          17.60 USD

2023-08-26 * "Metro Transport Authority" "Tram tickets"
  Liabilities:US:Chase:Slate                      -120.00 USD
  Expenses:Transport:Tram                          120.00 USD

2023-08-28 * "Cafe Modagor" "Eating out with work buddies"
  Liabilities:US:Chase:Slate                       -33.79 USD
  Expenses:Food:Restaurant                          33.79 USD

2023-08-29 * "Farmer Fresh" "Buying groceries"
  Liabilities:US:Chase:Slate                       -90.48 USD
  Expenses:Food:Groceries                           90.48 USD

2023-08-30 * "Chichipotle" "Eating out with work buddies"
  Liabilities:US:Chase:Slate                       -25.92 USD
  Expenses:Food:Restaurant                          25.92 USD

2023-08-31 * "Cafe Modagor" "Eating out with Bill"
  Liabilities:US:Chase:Slate                       -26.86 USD
  Expenses:Food:Restaurant                          26.86 USD

2023-09-03 * "Rose Flower" "Eating out with Joe"
  Liabilities:US:Chase:Slate                       -20.75 USD
  Expenses:Food:Restaurant                          20.75 USD

2023-09-05 * "China Garden" "Eating out after work"
  Liabilities:US:Chase:Slate                       -44.44 USD
  Expenses:Food:Restaurant                          44.44 USD

2023-09-08 * "Rose Flower" "Eating out with work buddies"
  Liabilities:US:Chase:Slate                       -34.22 USD
  Expenses:Food:Restaurant                          34.22 USD

2023-09-08 * "Corner Deli" "Buying groceries"
  Liabilities:US:Chase:Slate                      -102.18 USD
  Expenses:Food:Groceries                          102.18 USD

2023-09-08 * "Chase:Slate" "Paying off credit card"
  Liabilities:US:Chase:Slate                       514.37 USD
  Assets:US:BofA:Checking                         -514.37 USD

2023-09-13 * "Kin Soy" "Eating out with work buddies"
  Liabilities:US:Chase:Slate                       -62.25 USD
  Expenses:Food:Restaurant                          62.25 USD

2023-09-14 * "Farmer Fresh" "Buying groceries"
  Liabilities:US:Chase:Slate                       -98.32 USD
  Expenses:Food:Groceries                           98.32 USD

2023-09-16 balance Liabilities:US:Chase:Slate    -1877.57 USD

2023-09-16 * "Kin Soy" "Eating out with work buddies"
  Liabilities:US:Chase:Slate                       -31.80 USD
  Expenses:Food:Restaurant                          31.80 USD

2023-09-21 * "Goba Goba" "Eating out with Bill"
  Liabilities:US:Chase:Slate                       -20.07 USD
  Expenses:Food:Restaurant                          20.07 USD

2023-09-23 * "Jewel of Morroco" "Eating out "
  Liabilities:US:Chase:Slate                       -15.01 USD
  Expenses:Food:Restaurant                          15.01 USD

2023-09-23 * "Good Moods Market" "Buying groceries"
  Liabilities:US:Chase:Slate                       -69.21 USD
  Expenses:Food:Groceries                           69.21 USD

2023-09-26 * "Metro Transport Authority" "Tram tickets"
  Liabilities:US:Chase:Slate                      -120.00 USD
  Expenses:Transport:Tram                          120.00 USD

2023-09-28 * "Kin Soy" "Eating out alone"
  Liabilities:US:Chase:Slate                       -30.30 USD
  Expenses:Food:Restaurant                          30.30 USD

2023-09-29 * "Goba Goba" "Eating out with Julie"
  Liabilities:US:Chase:Slate                       -24.53 USD
  Expenses:Food:Restaurant                          24.53 USD

2023-09-30 * "China Garden" "Eating out with Natasha"
  Liabilities:US:Chase:Slate                       -20.78 USD
  Expenses:Food:Restaurant                          20.78 USD

2023-09-30 * "Onion Market" "Buying groceries"
  Liabilities:US:Chase:Slate                       -73.91 USD
  Expenses:Food:Groceries                           73.91 USD

2023-10-05 * "Cafe Modagor" "Eating out "
  Liabilities:US:Chase:Slate                       -16.44 USD
  Expenses:Food:Restaurant                          16.44 USD

2023-10-06 event "location" "San Francisco"

2023-10-07 * "Bar Crudo" "" #trip-san-francisco-2023
  Liabilities:US:Chase:Slate                       -73.64 USD
  Expenses:Food:Restaurant                          73.64 USD

2023-10-07 * "Waterbar" "" #trip-san-francisco-2023
  Liabilities:US:Chase:Slate                       -50.44 USD
  Expenses:Food:Restaurant                          50.44 USD

2023-10-07 * "Starbucks" "" #trip-san-francisco-2023
  Liabilities:US:Chase:Slate                        -5.36 USD
  Expenses:Food:Coffee                               5.36 USD

2023-10-08 * "Waterbar" "" #trip-san-francisco-2023
  Liabilities:US:Chase:Slate                       -48.40 USD
  Expenses:Food:Restaurant                          48.40 USD

2023-10-09 * "Mission Chinese Food" "" #trip-san-francisco-2023
  Liabilities:US:Chase:Slate                       -20.85 USD
  Expenses:Food:Restaurant                          20.85 USD

2023-10-10 * "Pizza Delfina" "" #trip-san-francisco-2023
  Liabilities:US:Chase:Slate                       -24.18 USD
  Expenses:Food:Restaurant                          24.18 USD

2023-10-10 * "Waterbar" "" #trip-san-francisco-2023
  Liabilities:US:Chase:Slate                       -43.80 USD
  Expenses:Food:Restaurant                          43.80 USD

2023-10-10 * "Chase:Slate" "Paying off credit card"
  Liabilities:US:Chase:Slate                       804.80 USD
  Assets:US:BofA:Checking                         -804.80 USD

2023-10-12 * "Pizza Delfina" "" #trip-san-francisco-2023
  Liabilities:US:Chase:Slate                       -20.46 USD
  Expenses:Food:Restaurant                          20.46 USD

2023-10-12 * "Mission Chinese Food" "" #trip-san-francisco-2023
  Liabilities:US:Chase:Slate                       -24.63 USD
  Expenses:Food:Restaurant                          24.63 USD

2023-10-13 * "Pizza Delfina" "" #trip-san-francisco-2023
  Liabilities:US:Chase:Slate                       -20.51 USD
  Expenses:Food:Restaurant                          20.51 USD

2023-10-13 * "Mission Chinese Food" "" #trip-san-francisco-2023
  Liabilities:US:Chase:Slate                       -33.64 USD
  Expenses:Food:Restaurant                          33.64 USD

2023-10-13 * "Starbucks" "" #trip-san-francisco-2023
  Liabilities:US:Chase:Slate                        -5.09 USD
  Expenses:Food:Coffee                               5.09 USD

2023-10-14 * "Pizza Delfina" "" #trip-san-francisco-2023
  Liabilities:US:Chase:Slate                       -15.66 USD
  Expenses:Food:Restaurant                          15.66 USD

2023-10-14 * "Mission Chinese Food" "" #trip-san-francisco-2023
  Liabilities:US:Chase:Slate                       -28.32 USD
  Expenses:Food:Restaurant                          28.32 USD

2023-10-14 * "Starbucks" "" #trip-san-francisco-2023
  Liabilities:US:Chase:Slate                        -5.88 USD
  Expenses:Food:Coffee                               5.88 USD

2023-10-15 * "Starbucks" "" #trip-san-francisco-2023
  Liabilities:US:Chase:Slate                        -7.57 USD
  Expenses:Food:Coffee                               7.57 USD

2023-10-16 balance Liabilities:US:Chase:Slate    -1923.25 USD

2023-10-16 * "Bar Crudo" "" #trip-san-francisco-2023
  Liabilities:US:Chase:Slate                       -73.66 USD
  Expenses:Food:Restaurant                          73.66 USD

2023-10-17 * "Pizza Delfina" "" #trip-san-francisco-2023
  Liabilities:US:Chase:Slate                       -21.19 USD
  Expenses:Food:Restaurant                          21.19 USD

2023-10-17 * "Waterbar" "" #trip-san-francisco-2023
  Liabilities:US:Chase:Slate                       -57.79 USD
  Expenses:Food:Restaurant                          57.79 USD

2023-10-18 * "Waterbar" "" #trip-san-francisco-2023
  Liabilities:US:Chase:Slate                       -48.72 USD
  Expenses:Food:Restaurant                          48.72 USD

2023-10-19 * "Starbucks" "" #trip-san-francisco-2023
  Liabilities:US:Chase:Slate                        -5.62 USD
  Expenses:Food:Coffee                               5.62 USD

2023-10-20 * "Pizza Delfina" "" #trip-san-francisco-2023
  Liabilities:US:Chase:Slate                       -20.60 USD
  Expenses:Food:Restaurant                          20.60 USD

2023-10-20 * "Starbucks" "" #trip-san-francisco-2023
  Liabilities:US:Chase:Slate                        -6.22 USD
  Expenses:Food:Coffee                               6.22 USD

2023-10-21 * "Waterbar" "" #trip-san-francisco-2023
  Liabilities:US:Chase:Slate                       -53.04 USD
  Expenses:Food:Restaurant                          53.04 USD

2023-10-22 * "Pizza Delfina" "" #trip-san-francisco-2023
  Liabilities:US:Chase:Slate                       -18.62 USD
  Expenses:Food:Restaurant                          18.62 USD

2023-10-22 * "Consume vacation days"
  Assets:US:BayBook:Vacation                         -128 VACHR
  Expenses:Vacation                                   128 VACHR

2023-10-22 event "location" "New Metropolis"

2023-10-23 * "Metro Transport Authority" "Tram tickets"
  Liabilities:US:Chase:Slate                      -120.00 USD
  Expenses:Transport:Tram                          120.00 USD

2023-10-25 * "Uncle Boons" "Eating out with Joe"
  Liabilities:US:Chase:Slate                       -46.79 USD
  Expenses:Food:Restaurant                          46.79 USD

2023-10-26 * "Uncle Boons" "Eating out after work"
  Liabilities:US:Chase:Slate                       -15.58 USD
  Expenses:Food:Restaurant                          15.58 USD

2023-10-27 * "Good Moods Market" "Buying groceries"
  Liabilities:US:Chase:Slate                       -78.65 USD
  Expenses:Food:Groceries                           78.65 USD

2023-10-31 * "Goba Goba" "Eating out after work"
  Liabilities:US:Chase:Slate                       -29.83 USD
  Expenses:Food:Restaurant                          29.83 USD

2023-11-02 * "Kin Soy" "Eating out alone"
  Liabilities:US:Chase:Slate                       -25.28 USD
  Expenses:Food:Restaurant                          25.28 USD

2023-11-02 * "Onion Market" "Buying groceries"
  Liabilities:US:Chase:Slate                       -69.63 USD
  Expenses:Food:Groceries                           69.63 USD

2023-11-06 balance Liabilities:US:Chase:Slate    -2614.47 USD

2023-11-06 * "Rose Flower" "Eating out with Julie"
  Liabilities:US:Chase:Slate                       -18.77 USD
  Expenses:Food:Restaurant                          18.77 USD

2023-11-07 * "Goba Goba" "Eating out "
  Liabilities:US:Chase:Slate                       -30.35 USD
  Expenses:Food:Restaurant                          30.35 USD

2023-11-10 * "Onion Market" "Buying groceries"
  Liabilities:US:Chase:Slate                       -56.32 USD
  Expenses:Food:Groceries                           56.32 USD

2023-11-10 * "Chase:Slate" "Paying off credit card"
  Liabilities:US:Chase:Slate                       371.20 USD
  Assets:US:BofA:Checking                         -371.20 USD

2023-11-11 * "China Garden" "Eating out with Joe"
  Liabilities:US:Chase:Slate                       -35.48 USD
  Expenses:Food:Restaurant                          35.48 USD

2023-11-14 * "Uncle Boons" "Eating out with Natasha"
  Liabilities:US:Chase:Slate                       -44.66 USD
  Expenses:Food:Restaurant                          44.66 USD

2023-11-16 * "Farmer Fresh" "Buying groceries"
  Liabilities:US:Chase:Slate                       -95.02 USD
  Expenses:Food:Groceries                           95.02 USD

2023-11-18 * "Goba Goba" "Eating out "
  Liabilities:US:Chase:Slate                       -39.66 USD
  Expenses:Food:Restaurant                          39.66 USD

2023-11-19 * "Chichipotle" "Eating out "
  Liabilities:US:Chase:Slate                       -62.26 USD
  Expenses:Food:Restaurant                          62.26 USD

2023-11-19 * "Metro Transport Authority" "Tram tickets"
  Liabilities:US:Chase:Slate                      -120.00 USD
  Expenses:Transport:Tram                          120.00 USD

2023-11-20 * "Rose Flower" "Eating out "
  Liabilities:US:Chase:Slate                       -47.39 USD
  Expenses:Food:Restaurant                          47.39 USD

2023-11-22 * "Cafe Modagor" "Eating out after work"
  Liabilities:US:Chase:Slate                       -51.18 USD
  Expenses:Food:Restaurant                          51.18 USD

2023-11-25 * "Goba Goba" "Eating out with work buddies"
  Liabilities:US:Chase:Slate                       -22.16 USD
  Expenses:Food:Restaurant                          22.16 USD

2023-11-26 * "Good Moods Market" "Buying groceries"
  Liabilities:US:Chase:Slate                       -67.61 USD
  Expenses:Food:Groceries                           67.61 USD

2023-11-27 * "Uncle Boons" "Eating out with Bill"
  Liabilities:US:Chase:Slate                       -32.05 USD
  Expenses:Food:Restaurant                          32.05 USD

2023-11-28 balance Liabilities:US:Chase:Slate    -2966.18 USD

2023-12-02 * "Goba Goba" "Eating out with Joe"
  Liabilities:US:Chase:Slate                       -40.55 USD
  Expenses:Food:Restaurant                          40.55 USD

2023-12-05 * "Goba Goba" "Eating out "
  Liabilities:US:Chase:Slate                       -19.57 USD
  Expenses:Food:Restaurant                          19.57 USD

2023-12-07 * "Chase:Slate" "Paying off credit card"
  Liabilities:US:Chase:Slate                       722.03 USD
  Assets:US:BofA:Checking                         -722.03 USD

2023-12-09 * "Rose Flower" "Eating out with Natasha"
  Liabilities:US:Chase:Slate                       -44.44 USD
  Expenses:Food:Restaurant                          44.44 USD

2023-12-10 * "Jewel of Morroco" "Eating out with Bill"
  Liabilities:US:Chase:Slate                       -18.99 USD
  Expenses:Food:Restaurant                          18.99 USD

2023-12-11 * "Onion Market" "Buying groceries"
  Liabilities:US:Chase:Slate                       -81.18 USD
  Expenses:Food:Groceries                           81.18 USD

2023-12-14 * "Kin Soy" "Eating out "
  Liabilities:US:Chase:Slate                       -23.57 USD
  Expenses:Food:Restaurant                          23.57 USD

2023-12-16 * "Onion Market" "Buying groceries"
  Liabilities:US:Chase:Slate                       -97.47 USD
  Expenses:Food:Groceries                           97.47 USD

2023-12-18 * "Uncle Boons" "Eating out with Bill"
  Liabilities:US:Chase:Slate                       -12.47 USD
  Expenses:Food:Restaurant                          12.47 USD

2023-12-19 * "Kin Soy" "Eating out "
  Liabilities:US:Chase:Slate                       -36.46 USD
  Expenses:Food:Restaurant                          36.46 USD

2023-12-19 * "Metro Transport Authority" "Tram tickets"
  Liabilities:US:Chase:Slate                      -120.00 USD
  Expenses:Transport:Tram                          120.00 USD

2023-12-21 * "Corner Deli" "Buying groceries"
  Liabilities:US:Chase:Slate                       -69.43 USD
  Expenses:Food:Groceries                           69.43 USD

2023-12-22 * "Jewel of Morroco" "Eating out with Joe"
  Liabilities:US:Chase:Slate                       -20.82 USD
  Expenses:Food:Restaurant                          20.82 USD

2023-12-26 * "Cafe Modagor" "Eating out with Bill"
  Liabilities:US:Chase:Slate                       -23.10 USD
  Expenses:Food:Restaurant                          23.10 USD

2023-12-27 balance Liabilities:US:Chase:Slate    -2852.20 USD

2023-12-30 * "Chichipotle" "Eating out with Bill"
  Liabilities:US:Chase:Slate                       -31.53 USD
  Expenses:Food:Restaurant                          31.53 USD

2024-01-02 * "Chichipotle" "Eating out with Bill"
  Liabilities:US:Chase:Slate                       -33.14 USD
  Expenses:Food:Restaurant                          33.14 USD

2024-01-03 * "Goba Goba" "Eating out after work"
  Liabilities:US:Chase:Slate                       -38.18 USD
  Expenses:Food:Restaurant                          38.18 USD

2024-01-07 * "Chase:Slate" "Paying off credit card"
  Liabilities:US:Chase:Slate                       631.59 USD
  Assets:US:BofA:Checking                         -631.59 USD

2024-01-08 * "Jewel of Morroco" "Eating out "
  Liabilities:US:Chase:Slate                       -25.25 USD
  Expenses:Food:Restaurant                          25.25 USD

2024-01-09 * "Good Moods Market" "Buying groceries"
  Liabilities:US:Chase:Slate                       -60.45 USD
  Expenses:Food:Groceries                           60.45 USD

2024-01-12 * "Jewel of Morroco" "Eating out after work"
  Liabilities:US:Chase:Slate                       -18.57 USD
  Expenses:Food:Restaurant                          18.57 USD

2024-01-15 * "Goba Goba" "Eating out "
  Liabilities:US:Chase:Slate                       -19.25 USD
  Expenses:Food:Restaurant                          19.25 USD

2024-01-16 * "Chichipotle" "Eating out after work"
  Liabilities:US:Chase:Slate                       -31.76 USD
  Expenses:Food:Restaurant                          31.76 USD

2024-01-16 * "Metro Transport Authority" "Tram tickets"
  Liabilities:US:Chase:Slate                      -120.00 USD
  Expenses:Transport:Tram                          120.00 USD

2024-01-21 * "China Garden" "Eating out "
  Liabilities:US:Chase:Slate                       -22.06 USD
  Expenses:Food:Restaurant                          22.06 USD

2024-01-23 * "Onion Market" "Buying groceries"
  Liabilities:US:Chase:Slate                      -106.57 USD
  Expenses:Food:Groceries                          106.57 USD

2024-01-25 * "Kin Soy" "Eating out with Joe"
  Liabilities:US:Chase:Slate                       -18.17 USD
  Expenses:Food:Restaurant                          18.17 USD

2024-01-26 balance Liabilities:US:Chase:Slate    -2745.54 USD

2024-01-28 * "Jewel of Morroco" "Eating out with Julie"
  Liabilities:US:Chase:Slate                       -25.32 USD
  Expenses:Food:Restaurant                          25.32 USD

2024-01-31 * "Goba Goba" "Eating out with Joe"
  Liabilities:US:Chase:Slate                       -45.32 USD
  Expenses:Food:Restaurant                          45.32 USD

2024-02-04 * "Kin Soy" "Eating out with Julie"
  Liabilities:US:Chase:Slate                       -18.53 USD
  Expenses:Food:Restaurant                          18.53 USD

2024-02-05 * "Uncle Boons" "Eating out with Natasha"
  Liabilities:US:Chase:Slate                       -41.75 USD
  Expenses:Food:Restaurant                          41.75 USD

2024-02-07 * "Chase:Slate" "Paying off credit card"
  Liabilities:US:Chase:Slate                       635.98 USD
  Assets:US:BofA:Checking                         -635.98 USD

2024-02-08 * "Good Moods Market" "Buying groceries"
  Liabilities:US:Chase:Slate                      -108.23 USD
  Expenses:Food:Groceries                          108.23 USD

2024-02-09 * "Goba Goba" "Eating out with Natasha"
  Liabilities:US:Chase:Slate                       -17.63 USD
  Expenses:Food:Restaurant                          17.63 USD

2024-02-14 * "Jewel of Morroco" "Eating out after work"
  Liabilities:US:Chase:Slate                       -21.39 USD
  Expenses:Food:Restaurant                          21.39 USD

2024-02-17 * "Metro Transport Authority" "Tram tickets"
  Liabilities:US:Chase:Slate                      -120.00 USD
  Expenses:Transport:Tram                          120.00 USD

2024-02-19 * "Kin Soy" "Eating out with Bill"
  Liabilities:US:Chase:Slate                       -30.67 USD
  Expenses:Food:Restaurant                          30.67 USD

2024-02-21 * "China Garden" "Eating out after work"
  Liabilities:US:Chase:Slate                       -32.11 USD
  Expenses:Food:Restaurant                          32.11 USD

2024-02-21 * "Corner Deli" "Buying groceries"
  Liabilities:US:Chase:Slate                       -63.41 USD
  Expenses:Food:Groceries                           63.41 USD

2024-02-22 balance Liabilities:US:Chase:Slate    -2633.92 USD

2024-02-26 * "Kin Soy" "Eating out with Julie"
  Liabilities:US:Chase:Slate                       -20.24 USD
  Expenses:Food:Restaurant                          20.24 USD

2024-03-01 * "Cafe Modagor" "Eating out with Bill"
  Liabilities:US:Chase:Slate                       -32.07 USD
  Expenses:Food:Restaurant                          32.07 USD

2024-03-01 * "Good Moods Market" "Buying groceries"
  Liabilities:US:Chase:Slate                      -123.96 USD
  Expenses:Food:Groceries                          123.96 USD

2024-03-06 * "China Garden" "Eating out with Natasha"
  Liabilities:US:Chase:Slate                       -14.97 USD
  Expenses:Food:Restaurant                          14.97 USD

2024-03-09 * "Chase:Slate" "Paying off credit card"
  Liabilities:US:Chase:Slate                       505.37 USD
  Assets:US:BofA:Checking                         -505.37 USD

2024-03-10 * "Kin Soy" "Eating out with Julie"
  Liabilities:US:Chase:Slate                       -28.92 USD
  Expenses:Food:Restaurant                          28.92 USD

2024-03-11 * "Kin Soy" "Eating out with Natasha"
  Liabilities:US:Chase:Slate                       -37.47 USD
  Expenses:Food:Restaurant                          37.47 USD

2024-03-12 * "Jewel of Morroco" "Eating out after work"
  Liabilities:US:Chase:Slate                       -77.88 USD
  Expenses:Food:Restaurant                          77.88 USD

2024-03-13 balance Liabilities:US:Chase:Slate    -2464.06 USD

2024-03-13 * "Chichipotle" "Eating out with work buddies"
  Liabilities:US:Chase:Slate                       -17.38 USD
  Expenses:Food:Restaurant                          17.38 USD

2024-03-15 * "Jewel of Morroco" "Eating out alone"
  Liabilities:US:Chase:Slate                       -26.18 USD
  Expenses:Food:Restaurant                          26.18 USD

2024-03-18 * "Rose Flower" "Eating out with Julie"
  Liabilities:US:Chase:Slate                       -23.42 USD
  Expenses:Food:Restaurant                          23.42 USD

2024-03-19 * "Metro Transport Authority" "Tram tickets"
  Liabilities:US:Chase:Slate                      -120.00 USD
  Expenses:Transport:Tram                          120.00 USD

2024-03-21 * "Corner Deli" "Buying groceries"
  Liabilities:US:Chase:Slate                       -74.38 USD
  Expenses:Food:Groceries                           74.38 USD

2024-03-22 * "Cafe Modagor" "Eating out with Joe"
  Liabilities:US:Chase:Slate                       -27.74 USD
  Expenses:Food:Restaurant                          27.74 USD

2024-03-24 * "Jewel of Morroco" "Eating out with Bill"
  Liabilities:US:Chase:Slate                       -16.45 USD
  Expenses:Food:Restaurant                          16.45 USD

2024-03-26 * "China Garden" "Eating out with Joe"
  Liabilities:US:Chase:Slate                       -44.76 USD
  Expenses:Food:Restaurant                          44.76 USD

2024-03-31 * "China Garden" "Eating out with Joe"
  Liabilities:US:Chase:Slate                       -27.10 USD
  Expenses:Food:Restaurant                          27.10 USD

2024-04-01 event "location" "Boston"

2024-04-02 * "Franklin Cafe" "" #trip-boston-2024
  Liabilities:US:Chase:Slate                       -31.25 USD
  Expenses:Food:Restaurant                          31.25 USD

2024-04-02 * "Starbucks" "" #trip-boston-2024
  Liabilities:US:Chase:Slate                        -6.84 USD
  Expenses:Food:Coffee                               6.84 USD

2024-04-03 * "Giacomo's Restaurant" "" #trip-boston-2024
  Liabilities:US:Chase:Slate                       -39.61 USD
  Expenses:Food:Restaurant                          39.61 USD

2024-04-03 * "Legal Seafood" "" #trip-boston-2024
  Liabilities:US:Chase:Slate                       -36.71 USD
  Expenses:Food:Restaurant                          36.71 USD

2024-04-04 * "Starbucks" "" #trip-boston-2024
  Liabilities:US:Chase:Slate                        -5.79 USD
  Expenses:Food:Coffee                               5.79 USD

2024-04-05 * "Starbucks" "" #trip-boston-2024
  Liabilities:US:Chase:Slate                        -6.88 USD
  Expenses:Food:Coffee                               6.88 USD

2024-04-06 balance Liabilities:US:Chase:Slate    -2968.55 USD

2024-04-06 * "Legal Seafood" "" #trip-boston-2024
  Liabilities:US:Chase:Slate                       -31.12 USD
  Expenses:Food:Restaurant                          31.12 USD

2024-04-06 * "Franklin Cafe" "" #trip-boston-2024
  Liabilities:US:Chase:Slate                       -33.42 USD
  Expenses:Food:Restaurant                          33.42 USD

2024-04-07 * "Giacomo's Restaurant" "" #trip-boston-2024
  Liabilities:US:Chase:Slate                       -41.07 USD
  Expenses:Food:Restaurant                          41.07 USD

2024-04-07 * "Legal Seafood" "" #trip-boston-2024
  Liabilities:US:Chase:Slate                       -37.20 USD
  Expenses:Food:Restaurant                          37.20 USD

2024-04-08 * "Legal Seafood" "" #trip-boston-2024
  Liabilities:US:Chase:Slate                       -39.09 USD
  Expenses:Food:Restaurant                          39.09 USD

2024-04-08 * "Franklin Cafe" "" #trip-boston-2024
  Liabilities:US:Chase:Slate                       -29.06 USD
  Expenses:Food:Restaurant                          29.06 USD

2024-04-09 * "Franklin Cafe" "" #trip-boston-2024
  Liabilities:US:Chase:Slate                       -29.78 USD
  Expenses:Food:Restaurant                          29.78 USD

2024-04-10 * "Franklin Cafe" "" #trip-boston-2024
  Liabilities:US:Chase:Slate                       -23.80 USD
  Expenses:Food:Restaurant                          23.80 USD

2024-04-11 * "Starbucks" "" #trip-boston-2024
  Liabilities:US:Chase:Slate                        -7.09 USD
  Expenses:Food:Coffee                               7.09 USD

2024-04-11 * "Chase:Slate" "Paying off credit card"
  Liabilities:US:Chase:Slate                       506.48 USD
  Assets:US:BofA:Checking                         -506.48 USD

2024-04-12 * "Giacomo's Restaurant" "" #trip-boston-2024
  Liabilities:US:Chase:Slate                       -34.76 USD
  Expenses:Food:Restaurant                          34.76 USD

2024-04-12 * "Franklin Cafe" "" #trip-boston-2024
  Liabilities:US:Chase:Slate                       -27.49 USD
  Expenses:Food:Restaurant                          27.49 USD

2024-04-13 * "Giacomo's Restaurant" "" #trip-boston-2024
  Liabilities:US:Chase:Slate                       -32.38 USD
  Expenses:Food:Restaurant                          32.38 USD

2024-04-15 * "Rose Flower" "Eating out alone"
  Liabilities:US:Chase:Slate                       -13.72 USD
  Expenses:Food:Restaurant                          13.72 USD

2024-04-15 * "Consume vacation days"
  Assets:US:BayBook:Vacation                         -112 VACHR
  Expenses:Vacation                                   112 VACHR

2024-04-15 event "location" "New Metropolis"

2024-04-16 * "Metro Transport Authority" "Tram tickets"
  Liabilities:US:Chase:Slate                      -120.00 USD
  Expenses:Transport:Tram                          120.00 USD

2024-04-17 * "Jewel of Morroco" "Eating out with work buddies"
  Liabilities:US:Chase:Slate                       -17.23 USD
  Expenses:Food:Restaurant                          17.23 USD

2024-04-21 * "Uncle Boons" "Eating out "
  Liabilities:US:Chase:Slate                       -39.30 USD
  Expenses:Food:Restaurant                          39.30 USD

2024-04-22 * "Good Moods Market" "Buying groceries"
  Liabilities:US:Chase:Slate                       -92.36 USD
  Expenses:Food:Groceries                           92.36 USD

2024-04-25 * "Uncle Boons" "Eating out with Bill"
  Liabilities:US:Chase:Slate                       -52.50 USD
  Expenses:Food:Restaurant                          52.50 USD

2024-04-26 balance Liabilities:US:Chase:Slate    -3163.44 USD

2024-04-29 * "China Garden" "Eating out alone"
  Liabilities:US:Chase:Slate                       -27.84 USD
  Expenses:Food:Restaurant                          27.84 USD

2024-05-03 * "Uncle Boons" "Eating out with Joe"
  Liabilities:US:Chase:Slate                       -22.56 USD
  Expenses:Food:Restaurant                          22.56 USD

2024-05-04 * "Uncle Boons" "Eating out with work buddies"
  Liabilities:US:Chase:Slate                       -38.63 USD
  Expenses:Food:Restaurant                          38.63 USD

2024-05-04 * "Farmer Fresh" "Buying groceries"
  Liabilities:US:Chase:Slate                       -74.22 USD
  Expenses:Food:Groceries                           74.22 USD

2024-05-09 * "Goba Goba" "Eating out "
  Liabilities:US:Chase:Slate                       -40.75 USD
  Expenses:Food:Restaurant                          40.75 USD

2024-05-10 * "China Garden" "Eating out with Bill"
  Liabilities:US:Chase:Slate                       -26.09 USD
  Expenses:Food:Restaurant                          26.09 USD

2024-05-10 * "Chase:Slate" "Paying off credit card"
  Liabilities:US:Chase:Slate                       551.48 USD
  Assets:US:BofA:Checking                         -551.48 USD

2024-05-11 * "Cafe Modagor" "Eating out "
  Liabilities:US:Chase:Slate                       -33.62 USD
  Expenses:Food:Restaurant                          33.62 USD

2024-05-13 * "Corner Deli" "Buying groceries"
  Liabilities:US:Chase:Slate                       -75.11 USD
  Expenses:Food:Groceries                           75.11 USD

2024-05-14 * "Chichipotle" "Eating out with Natasha"
  Liabilities:US:Chase:Slate                       -31.58 USD
  Expenses:Food:Restaurant                          31.58 USD

2024-05-19 * "Kin Soy" "Eating out with Bill"
  Liabilities:US:Chase:Slate                       -29.95 USD
  Expenses:Food:Restaurant                          29.95 USD

2024-05-19 * "Metro Transport Authority" "Tram tickets"
  Liabilities:US:Chase:Slate                      -120.00 USD
  Expenses:Transport:Tram                          120.00 USD

2024-05-20 * "Uncle Boons" "Eating out with Julie"
  Liabilities:US:Chase:Slate                       -45.69 USD
  Expenses:Food:Restaurant                          45.69 USD

2024-05-21 * "Onion Market" "Buying groceries"
  Liabilities:US:Chase:Slate                       -64.19 USD
  Expenses:Food:Groceries                           64.19 USD

2024-05-22 * "Cafe Modagor" "Eating out after work"
  Liabilities:US:Chase:Slate                       -30.91 USD
  Expenses:Food:Restaurant                          30.91 USD

2024-05-26 balance Liabilities:US:Chase:Slate    -3273.10 USD

2024-05-27 * "Kin Soy" "Eating out with Natasha"
  Liabilities:US:Chase:Slate                       -26.69 USD
  Expenses:Food:Restaurant                          26.69 USD

2024-06-01 * "Cafe Modagor" "Eating out with Bill"
  Liabilities:US:Chase:Slate                       -22.49 USD
  Expenses:Food:Restaurant                          22.49 USD

2024-06-03 * "Jewel of Morroco" "Eating out after work"
  Liabilities:US:Chase:Slate                       -51.45 USD
  Expenses:Food:Restaurant                          51.45 USD

2024-06-06 * "Kin Soy" "Eating out with Julie"
  Liabilities:US:Chase:Slate                       -30.29 USD
  Expenses:Food:Restaurant                          30.29 USD

2024-06-07 * "Kin Soy" "Eating out with Julie"
  Liabilities:US:Chase:Slate                       -14.80 USD
  Expenses:Food:Restaurant                          14.80 USD

2024-06-08 * "Chase:Slate" "Paying off credit card"
  Liabilities:US:Chase:Slate                       700.48 USD
  Assets:US:BofA:Checking                         -700.48 USD

2024-06-09 * "Good Moods Market" "Buying groceries"
  Liabilities:US:Chase:Slate                      -123.71 USD
  Expenses:Food:Groceries                          123.71 USD

2024-06-10 * "Rose Flower" "Eating out "
  Liabilities:US:Chase:Slate                       -37.76 USD
  Expenses:Food:Restaurant                          37.76 USD

2024-06-13 * "Kin Soy" "Eating out with Bill"
  Liabilities:US:Chase:Slate                       -13.50 USD
  Expenses:Food:Restaurant                          13.50 USD

2024-06-17 * "Chichipotle" "Eating out with Joe"
  Liabilities:US:Chase:Slate                       -51.09 USD
  Expenses:Food:Restaurant                          51.09 USD

2024-06-18 * "Metro Transport Authority" "Tram tickets"
  Liabilities:US:Chase:Slate                      -120.00 USD
  Expenses:Transport:Tram                          120.00 USD

2024-06-19 * "Uncle Boons" "Eating out alone"
  Liabilities:US:Chase:Slate                       -20.76 USD
  Expenses:Food:Restaurant                          20.76 USD

2024-06-20 * "Corner Deli" "Buying groceries"
  Liabilities:US:Chase:Slate                       -42.62 USD
  Expenses:Food:Groceries                           42.62 USD

2024-06-21 * "Chichipotle" "Eating out with Natasha"
  Liabilities:US:Chase:Slate                       -30.37 USD
  Expenses:Food:Restaurant                          30.37 USD

2024-06-23 balance Liabilities:US:Chase:Slate    -3158.15 USD

2024-06-23 * "Jewel of Morroco" "Eating out alone"
  Liabilities:US:Chase:Slate                       -29.75 USD
  Expenses:Food:Restaurant                          29.75 USD

2024-06-28 * "Jewel of Morroco" "Eating out with Bill"
  Liabilities:US:Chase:Slate                       -17.28 USD
  Expenses:Food:Restaurant                          17.28 USD

2024-06-29 * "Cafe Modagor" "Eating out with Julie"
  Liabilities:US:Chase:Slate                       -20.59 USD
  Expenses:Food:Restaurant                          20.59 USD

2024-07-03 * "Corner Deli" "Buying groceries"
  Liabilities:US:Chase:Slate                       -82.88 USD
  Expenses:Food:Groceries                           82.88 USD

2024-07-04 * "Cafe Modagor" "Eating out after work"
  Liabilities:US:Chase:Slate                       -20.25 USD
  Expenses:Food:Restaurant                          20.25 USD

2024-07-06 * "Rose Flower" "Eating out with Natasha"
  Liabilities:US:Chase:Slate                       -32.90 USD
  Expenses:Food:Restaurant                          32.90 USD

2024-07-09 * "Goba Goba" "Eating out with Natasha"
  Liabilities:US:Chase:Slate                       -26.41 USD
  Expenses:Food:Restaurant                          26.41 USD

2024-07-09 * "Chase:Slate" "Paying off credit card"
  Liabilities:US:Chase:Slate                       546.16 USD
  Assets:US:BofA:Checking                         -546.16 USD

2024-07-13 * "Goba Goba" "Eating out alone"
  Liabilities:US:Chase:Slate                       -37.77 USD
  Expenses:Food:Restaurant                          37.77 USD

2024-07-14 balance Liabilities:US:Chase:Slate    -2879.82 USD

2024-07-17 * "Rose Flower" "Eating out alone"
  Liabilities:US:Chase:Slate                       -75.15 USD
  Expenses:Food:Restaurant                          75.15 USD

2024-07-18 * "Chichipotle" "Eating out with Natasha"
  Liabilities:US:Chase:Slate                       -28.03 USD
  Expenses:Food:Restaurant                          28.03 USD

2024-07-20 * "Metro Transport Authority" "Tram tickets"
  Liabilities:US:Chase:Slate                      -120.00 USD
  Expenses:Transport:Tram                          120.00 USD

2024-07-21 * "Cafe Modagor" "Eating out with Natasha"
  Liabilities:US:Chase:Slate                       -33.76 USD
  Expenses:Food:Restaurant                          33.76 USD

2024-07-22 * "Chichipotle" "Eating out after work"
  Liabilities:US:Chase:Slate                       -32.87 USD
  Expenses:Food:Restaurant                          32.87 USD

2024-07-23 * "Corner Deli" "Buying groceries"
  Liabilities:US:Chase:Slate                      -125.18 USD
  Expenses:Food:Groceries                          125.18 USD

2024-07-25 * "China Garden" "Eating out with Julie"
  Liabilities:US:Chase:Slate                       -40.45 USD
  Expenses:Food:Restaurant                          40.45 USD

2024-07-28 * "Uncle Boons" "Eating out after work"
  Liabilities:US:Chase:Slate                       -41.03 USD
  Expenses:Food:Restaurant                          41.03 USD

2024-07-28 * "Good Moods Market" "Buying groceries"
  Liabilities:US:Chase:Slate                       -66.60 USD
  Expenses:Food:Groceries                           66.60 USD

2024-07-31 * "Kin Soy" "Eating out with Bill"
  Liabilities:US:Chase:Slate                       -35.84 USD
  Expenses:Food:Restaurant                          35.84 USD

2024-08-02 * "Cafe Modagor" "Eating out after work"
  Liabilities:US:Chase:Slate                       -27.65 USD
  Expenses:Food:Restaurant                          27.65 USD

2024-08-04 * "Good Moods Market" "Buying groceries"
  Liabilities:US:Chase:Slate                       -75.89 USD
  Expenses:Food:Groceries                           75.89 USD

2024-08-06 * "Chichipotle" "Eating out with Julie"
  Liabilities:US:Chase:Slate                       -43.00 USD
  Expenses:Food:Restaurant                          43.00 USD

2024-08-07 balance Liabilities:US:Chase:Slate    -3625.27 USD

2024-08-10 * "Kin Soy" "Eating out with work buddies"
  Liabilities:US:Chase:Slate                       -58.87 USD
  Expenses:Food:Restaurant                          58.87 USD

2024-08-10 * "Chase:Slate" "Paying off credit card"
  Liabilities:US:Chase:Slate                       842.09 USD
  Assets:US:BofA:Checking                         -842.09 USD

2024-08-12 * "Farmer Fresh" "Buying groceries"
  Liabilities:US:Chase:Slate                       -71.80 USD
  Expenses:Food:Groceries                           71.80 USD

2024-08-15 * "Cafe Modagor" "Eating out "
  Liabilities:US:Chase:Slate                       -26.55 USD
  Expenses:Food:Restaurant                          26.55 USD

2024-08-19 * "Metro Transport Authority" "Tram tickets"
  Liabilities:US:Chase:Slate                      -120.00 USD
  Expenses:Transport:Tram                          120.00 USD

2024-08-20 * "Chichipotle" "Eating out alone"
  Liabilities:US:Chase:Slate                       -27.90 USD
  Expenses:Food:Restaurant                          27.90 USD

2024-08-25 * "Uncle Boons" "Eating out with work buddies"
  Liabilities:US:Chase:Slate                       -22.72 USD
  Expenses:Food:Restaurant                          22.72 USD

2024-08-27 * "Corner Deli" "Buying groceries"
  Liabilities:US:Chase:Slate                       -66.63 USD
  Expenses:Food:Groceries                           66.63 USD

2024-08-28 * "Chichipotle" "Eating out with Joe"
  Liabilities:US:Chase:Slate                       -25.28 USD
  Expenses:Food:Restaurant                          25.28 USD

2024-08-30 * "Cafe Modagor" "Eating out with Julie"
  Liabilities:US:Chase:Slate                       -17.53 USD
  Expenses:Food:Restaurant                          17.53 USD

2024-08-31 * "Rose Flower" "Eating out "
  Liabilities:US:Chase:Slate                       -23.01 USD
  Expenses:Food:Restaurant                          23.01 USD

2024-09-01 * "Rose Flower" "Eating out with Julie"
  Liabilities:US:Chase:Slate                       -38.30 USD
  Expenses:Food:Restaurant                          38.30 USD

2024-09-03 balance Liabilities:US:Chase:Slate    -3281.77 USD

2024-09-03 * "Uncle Boons" "Eating out with Julie"
  Liabilities:US:Chase:Slate                       -22.33 USD
  Expenses:Food:Restaurant                          22.33 USD

2024-09-07 * "Chichipotle" "Eating out with work buddies"
  Liabilities:US:Chase:Slate                       -20.79 USD
  Expenses:Food:Restaurant                          20.79 USD

2024-09-08 * "Goba Goba" "Eating out with Julie"
  Liabilities:US:Chase:Slate                       -19.56 USD
  Expenses:Food:Restaurant                          19.56 USD

2024-09-12 * "Good Moods Market" "Buying groceries"
  Liabilities:US:Chase:Slate                      -164.17 USD
  Expenses:Food:Groceries                          164.17 USD

2024-09-13 * "Rose Flower" "Eating out alone"
  Liabilities:US:Chase:Slate                       -25.49 USD
  Expenses:Food:Restaurant                          25.49 USD

2024-09-18 * "Rose Flower" "Eating out with Bill"
  Liabilities:US:Chase:Slate                       -28.96 USD
  Expenses:Food:Restaurant                          28.96 USD

2024-09-18 * "Metro Transport Authority" "Tram tickets"
  Liabilities:US:Chase:Slate                      -120.00 USD
  Expenses:Transport:Tram                          120.00 USD

2024-09-23 * "Rose Flower" "Eating out with Julie"
  Liabilities:US:Chase:Slate                       -27.10 USD
  Expenses:Food:Restaurant                          27.10 USD

2024-09-25 balance Liabilities:US:Chase:Slate    -3710.17 USD

2024-09-25 * "Rose Flower" "Eating out with work buddies"
  Liabilities:US:Chase:Slate                       -24.08 USD
  Expenses:Food:Restaurant                          24.08 USD



* Taxable Investments

2022-01-01 open Assets:US:ETrade:Cash                       USD
2022-01-01 open Assets:US:ETrade:ITOT                       ITOT
2022-01-01 open Assets:US:ETrade:VEA                       VEA
2022-01-01 open Assets:US:ETrade:VHT                       VHT
2022-01-01 open Assets:US:ETrade:GLD                       GLD
2022-01-01 open Income:US:ETrade:PnL                        USD
2022-01-01 open Income:US:ETrade:ITOT:Dividend              USD
2022-01-01 open Income:US:ETrade:VEA:Dividend              USD
2022-01-01 open Income:US:ETrade:VHT:Dividend              USD
2022-01-01 open Income:US:ETrade:GLD:Dividend              USD

2022-09-18 * "Dividends on portfolio"
  Assets:US:ETrade:Cash                              0.00 USD
  Income:US:ETrade:GLD:Dividend                      0.00 USD

2022-10-09 * "Buy shares of VEA"
  Assets:US:ETrade:Cash                          -2158.57 USD
  Assets:US:ETrade:VEA                                 33 VEA {65.14 USD, 2022-10-09}
  Expenses:Financial:Commissions                     8.95 USD

2022-10-09 * "Buy shares of VHT"
  Assets:US:ETrade:Cash                          -2038.89 USD
  Assets:US:ETrade:VHT                                 11 VHT {184.54 USD, 2022-10-09}
  Expenses:Financial:Commissions                     8.95 USD

2022-11-11 * "Buy shares of VHT"
  Assets:US:ETrade:Cash                          -1287.01 USD
  Assets:US:ETrade:VHT                                  7 VHT {182.58 USD, 2022-11-11}
  Expenses:Financial:Commissions                     8.95 USD

2022-11-11 * "Buy shares of VEA"
  Assets:US:ETrade:Cash                          -1343.75 USD
  Assets:US:ETrade:VEA                                 20 VEA {66.74 USD, 2022-11-11}
  Expenses:Financial:Commissions                     8.95 USD

2022-11-11 * "Buy shares of ITOT"
  Assets:US:ETrade:Cash                          -1377.67 USD
  Assets:US:ETrade:ITOT                                36 ITOT {38.02 USD, 2022-11-11}
  Expenses:Financial:Commissions                     8.95 USD

2022-12-17 * "Dividends on portfolio"
  Assets:US:ETrade:Cash                             32.64 USD
  Income:US:ETrade:ITOT:Dividend                   -32.64 USD

2023-03-06 * "Sell shares of ITOT"
  Assets:US:ETrade:ITOT                               -36 ITOT {38.02 USD, 2022-11-11} @ 36.96 USD
  Assets:US:ETrade:Cash                           1321.61 USD
  Expenses:Financial:Commissions                     8.95 USD
  Income:US:ETrade:PnL                              38.16 USD

2023-03-15 * "Buy shares of VEA"
  Assets:US:ETrade:Cash                          -1568.47 USD
  Assets:US:ETrade:VEA                                 27 VEA {57.76 USD, 2023-03-15}
  Expenses:Financial:Commissions                     8.95 USD

2023-03-18 * "Dividends on portfolio"
  Assets:US:ETrade:Cash                             38.88 USD
  Income:US:ETrade:ITOT:Dividend                   -38.88 USD

2023-06-18 * "Dividends on portfolio"
  Assets:US:ETrade:Cash                             38.88 USD
  Income:US:ETrade:VHT:Dividend                    -38.88 USD

2023-08-19 * "Buy shares of VHT"
  Assets:US:ETrade:Cash                          -1485.27 USD
  Assets:US:ETrade:VHT                                  8 VHT {184.54 USD, 2023-08-19}
  Expenses:Financial:Commissions                     8.95 USD

2023-08-19 * "Buy shares of ITOT"
  Assets:US:ETrade:Cash                          -1480.15 USD
  Assets:US:ETrade:ITOT                                40 ITOT {36.78 USD, 2023-08-19}
  Expenses:Financial:Commissions                     8.95 USD

2023-09-18 * "Dividends on portfolio"
  Assets:US:ETrade:Cash                             50.67 USD
  Income:US:ETrade:VHT:Dividend                    -50.67 USD

2023-10-25 * "Buy shares of ITOT"
  Assets:US:ETrade:Cash                          -1988.95 USD
  Assets:US:ETrade:ITOT                                55 ITOT {36.00 USD, 2023-10-25}
  Expenses:Financial:Commissions                     8.95 USD

2023-10-25 * "Buy shares of VEA"
  Assets:US:ETrade:Cash                          -1978.72 USD
  Assets:US:ETrade:VEA                                 33 VEA {59.69 USD, 2023-10-25}
  Expenses:Financial:Commissions                     8.95 USD

2023-12-17 * "Dividends on portfolio"
  Assets:US:ETrade:Cash                             66.47 USD
  Income:US:ETrade:ITOT:Dividend                   -66.47 USD

2024-03-17 * "Dividends on portfolio"
  Assets:US:ETrade:Cash                             66.47 USD
  Income:US:ETrade:VHT:Dividend                    -66.47 USD

2024-06-17 * "Dividends on portfolio"
  Assets:US:ETrade:Cash                             66.47 USD
  Income:US:ETrade:VHT:Dividend                    -66.47 USD

2024-07-21 * "Sell shares of VHT"
  Assets:US:ETrade:VHT                                -11 VHT {184.54 USD, 2022-10-09} @ 226.50 USD
  Assets:US:ETrade:Cash                           2482.55 USD
  Expenses:Financial:Commissions                     8.95 USD
  Income:US:ETrade:PnL                            -461.56 USD

2024-07-24 * "Buy shares of ITOT"
  Assets:US:ETrade:Cash                          -1206.25 USD
  Assets:US:ETrade:ITOT                                39 ITOT {30.70 USD, 2024-07-24}
  Expenses:Financial:Commissions                     8.95 USD

2024-07-24 * "Buy shares of VEA"
  Assets:US:ETrade:Cash                          -1186.00 USD
  Assets:US:ETrade:VEA                                 19 VEA {61.95 USD, 2024-07-24}
  Expenses:Financial:Commissions                     8.95 USD

2024-08-02 * "Sell shares of ITOT"
  Assets:US:ETrade:ITOT                               -55 ITOT {36.00 USD, 2023-10-25} @ 30.19 USD
  Assets:US:ETrade:Cash                           1651.50 USD
  Expenses:Financial:Commissions                     8.95 USD
  Income:US:ETrade:PnL                             319.55 USD

2024-08-23 * "Buy shares of ITOT"
  Assets:US:ETrade:Cash                          -3395.83 USD
  Assets:US:ETrade:ITOT                               108 ITOT {31.36 USD, 2024-08-23}
  Expenses:Financial:Commissions                     8.95 USD

2024-08-23 * "Buy shares of VHT"
  Assets:US:ETrade:Cash                          -3210.20 USD
  Assets:US:ETrade:VHT                                 13 VHT {246.25 USD, 2024-08-23}
  Expenses:Financial:Commissions                     8.95 USD

2024-09-17 * "Dividends on portfolio"
  Assets:US:ETrade:Cash                            102.32 USD
  Income:US:ETrade:VHT:Dividend                   -102.32 USD

2024-09-18 * "Buy shares of ITOT"
  Assets:US:ETrade:Cash                          -5191.47 USD
  Assets:US:ETrade:ITOT                               166 ITOT {31.22 USD, 2024-09-18}
  Expenses:Financial:Commissions                     8.95 USD



* Vanguard Investments

2022-01-01 open Assets:US:Vanguard:VBMPX                     VBMPX
  number: "882882"
2022-01-01 open Assets:US:Vanguard:RGAGX                     RGAGX
  number: "882882"
2022-01-01 open Assets:US:Vanguard                            USD
  institution: "Vanguard Group"
  address: "P.O. Box 1110, Valley Forge, PA 19482-1110"
  phone: "+1.800.523.1188"
2022-01-01 open Income:US:BayBook:Match401k                   USD
2022-01-01 open Assets:US:Vanguard:Cash                       USD
  number: "882882"

2022-01-07 * "Employer match for contribution"
  Assets:US:Vanguard:Cash                          600.00 USD
  Income:US:BayBook:Match401k                     -600.00 USD

2022-01-10 * "Investing 40% of cash in VBMPX"
  Assets:US:Vanguard:VBMPX                          3.011 VBMPX {159.40 USD, 2022-01-10}
  Assets:US:Vanguard:Cash                         -479.95 USD

2022-01-10 * "Investing 60% of cash in RGAGX"
  Assets:US:Vanguard:RGAGX                         19.454 RGAGX {37.01 USD, 2022-01-10}
  Assets:US:Vanguard:Cash                         -719.99 USD

2022-01-10 * "Investing 40% of cash in VBMPX"
  Assets:US:Vanguard:VBMPX                          1.506 VBMPX {159.40 USD, 2022-01-10}
  Assets:US:Vanguard:Cash                         -240.06 USD

2022-01-10 * "Investing 60% of cash in RGAGX"
  Assets:US:Vanguard:RGAGX                          9.728 RGAGX {37.01 USD, 2022-01-10}
  Assets:US:Vanguard:Cash                         -360.03 USD

2022-01-21 * "Employer match for contribution"
  Assets:US:Vanguard:Cash                          600.00 USD
  Income:US:BayBook:Match401k                     -600.00 USD

2022-01-24 * "Investing 40% of cash in VBMPX"
  Assets:US:Vanguard:VBMPX                          2.960 VBMPX {162.16 USD, 2022-01-24}
  Assets:US:Vanguard:Cash                         -479.99 USD

2022-01-24 * "Investing 60% of cash in RGAGX"
  Assets:US:Vanguard:RGAGX                         19.277 RGAGX {37.35 USD, 2022-01-24}
  Assets:US:Vanguard:Cash                         -720.00 USD

2022-01-24 * "Investing 40% of cash in VBMPX"
  Assets:US:Vanguard:VBMPX                          1.480 VBMPX {162.16 USD, 2022-01-24}
  Assets:US:Vanguard:Cash                         -240.00 USD

2022-01-24 * "Investing 60% of cash in RGAGX"
  Assets:US:Vanguard:RGAGX                          9.638 RGAGX {37.35 USD, 2022-01-24}
  Assets:US:Vanguard:Cash                         -359.98 USD

2022-02-04 * "Employer match for contribution"
  Assets:US:Vanguard:Cash                          600.00 USD
  Income:US:BayBook:Match401k                     -600.00 USD

2022-02-07 * "Investing 40% of cash in VBMPX"
  Assets:US:Vanguard:VBMPX                          2.933 VBMPX {163.63 USD, 2022-02-07}
  Assets:US:Vanguard:Cash                         -479.93 USD

2022-02-07 * "Investing 60% of cash in RGAGX"
  Assets:US:Vanguard:RGAGX                         19.470 RGAGX {36.98 USD, 2022-02-07}
  Assets:US:Vanguard:Cash                         -720.00 USD

2022-02-07 * "Investing 40% of cash in VBMPX"
  Assets:US:Vanguard:VBMPX                          1.467 VBMPX {163.63 USD, 2022-02-07}
  Assets:US:Vanguard:Cash                         -240.05 USD

2022-02-07 * "Investing 60% of cash in RGAGX"
  Assets:US:Vanguard:RGAGX                          9.736 RGAGX {36.98 USD, 2022-02-07}
  Assets:US:Vanguard:Cash                         -360.04 USD

2022-02-18 * "Employer match for contribution"
  Assets:US:Vanguard:Cash                          600.00 USD
  Income:US:BayBook:Match401k                     -600.00 USD

2022-02-21 * "Investing 40% of cash in VBMPX"
  Assets:US:Vanguard:VBMPX                          3.005 VBMPX {159.74 USD, 2022-02-21}
  Assets:US:Vanguard:Cash                         -480.02 USD

2022-02-21 * "Investing 60% of cash in RGAGX"
  Assets:US:Vanguard:RGAGX                         19.699 RGAGX {36.55 USD, 2022-02-21}
  Assets:US:Vanguard:Cash                         -720.00 USD

2022-02-21 * "Investing 40% of cash in VBMPX"
  Assets:US:Vanguard:VBMPX                          1.502 VBMPX {159.74 USD, 2022-02-21}
  Assets:US:Vanguard:Cash                         -239.93 USD

2022-02-21 * "Investing 60% of cash in RGAGX"
  Assets:US:Vanguard:RGAGX                          9.849 RGAGX {36.55 USD, 2022-02-21}
  Assets:US:Vanguard:Cash                         -359.98 USD

2022-03-04 * "Employer match for contribution"
  Assets:US:Vanguard:Cash                          600.00 USD
  Income:US:BayBook:Match401k                     -600.00 USD

2022-03-07 * "Investing 40% of cash in VBMPX"
  Assets:US:Vanguard:VBMPX                          3.026 VBMPX {158.62 USD, 2022-03-07}
  Assets:US:Vanguard:Cash                         -479.98 USD

2022-03-07 * "Investing 60% of cash in RGAGX"
  Assets:US:Vanguard:RGAGX                         19.413 RGAGX {37.09 USD, 2022-03-07}
  Assets:US:Vanguard:Cash                         -720.03 USD

2022-03-07 * "Investing 40% of cash in VBMPX"
  Assets:US:Vanguard:VBMPX                          1.513 VBMPX {158.62 USD, 2022-03-07}
  Assets:US:Vanguard:Cash                         -239.99 USD

2022-03-07 * "Investing 60% of cash in RGAGX"
  Assets:US:Vanguard:RGAGX                          9.707 RGAGX {37.09 USD, 2022-03-07}
  Assets:US:Vanguard:Cash                         -360.03 USD

2022-03-18 * "Employer match for contribution"
  Assets:US:Vanguard:Cash                          600.00 USD
  Income:US:BayBook:Match401k                     -600.00 USD

2022-03-21 * "Investing 40% of cash in VBMPX"
  Assets:US:Vanguard:VBMPX                          3.066 VBMPX {156.57 USD, 2022-03-21}
  Assets:US:Vanguard:Cash                         -480.04 USD

2022-03-21 * "Investing 60% of cash in RGAGX"
  Assets:US:Vanguard:RGAGX                         19.033 RGAGX {37.83 USD, 2022-03-21}
  Assets:US:Vanguard:Cash                         -720.02 USD

2022-03-21 * "Investing 40% of cash in VBMPX"
  Assets:US:Vanguard:VBMPX                          1.533 VBMPX {156.57 USD, 2022-03-21}
  Assets:US:Vanguard:Cash                         -240.02 USD

2022-03-21 * "Investing 60% of cash in RGAGX"
  Assets:US:Vanguard:RGAGX                          9.516 RGAGX {37.83 USD, 2022-03-21}
  Assets:US:Vanguard:Cash                         -359.99 USD

2022-04-01 * "Employer match for contribution"
  Assets:US:Vanguard:Cash                          600.00 USD
  Income:US:BayBook:Match401k                     -600.00 USD

2022-04-04 * "Investing 40% of cash in VBMPX"
  Assets:US:Vanguard:VBMPX                          3.043 VBMPX {157.71 USD, 2022-04-04}
  Assets:US:Vanguard:Cash                         -479.91 USD

2022-04-04 * "Investing 60% of cash in RGAGX"
  Assets:US:Vanguard:RGAGX                         18.977 RGAGX {37.94 USD, 2022-04-04}
  Assets:US:Vanguard:Cash                         -719.99 USD

2022-04-04 * "Investing 40% of cash in VBMPX"
  Assets:US:Vanguard:VBMPX                          1.522 VBMPX {157.71 USD, 2022-04-04}
  Assets:US:Vanguard:Cash                         -240.03 USD

2022-04-04 * "Investing 60% of cash in RGAGX"
  Assets:US:Vanguard:RGAGX                          9.489 RGAGX {37.94 USD, 2022-04-04}
  Assets:US:Vanguard:Cash                         -360.01 USD

2022-04-15 * "Employer match for contribution"
  Assets:US:Vanguard:Cash                          600.00 USD
  Income:US:BayBook:Match401k                     -600.00 USD

2022-04-18 * "Investing 40% of cash in VBMPX"
  Assets:US:Vanguard:VBMPX                          3.028 VBMPX {158.52 USD, 2022-04-18}
  Assets:US:Vanguard:Cash                         -480.00 USD

2022-04-18 * "Investing 60% of cash in RGAGX"
  Assets:US:Vanguard:RGAGX                         19.098 RGAGX {37.70 USD, 2022-04-18}
  Assets:US:Vanguard:Cash                         -719.99 USD

2022-04-18 * "Investing 40% of cash in VBMPX"
  Assets:US:Vanguard:VBMPX                          1.514 VBMPX {158.52 USD, 2022-04-18}
  Assets:US:Vanguard:Cash                         -240.00 USD

2022-04-18 * "Investing 60% of cash in RGAGX"
  Assets:US:Vanguard:RGAGX                          9.549 RGAGX {37.70 USD, 2022-04-18}
  Assets:US:Vanguard:Cash                         -360.00 USD

2022-04-29 * "Employer match for contribution"
  Assets:US:Vanguard:Cash                          600.00 USD
  Income:US:BayBook:Match401k                     -600.00 USD

2022-05-02 * "Investing 40% of cash in VBMPX"
  Assets:US:Vanguard:VBMPX                          3.044 VBMPX {157.69 USD, 2022-05-02}
  Assets:US:Vanguard:Cash                         -480.01 USD

2022-05-02 * "Investing 60% of cash in RGAGX"
  Assets:US:Vanguard:RGAGX                         19.241 RGAGX {37.42 USD, 2022-05-02}
  Assets:US:Vanguard:Cash                         -720.00 USD

2022-05-02 * "Investing 40% of cash in VBMPX"
  Assets:US:Vanguard:VBMPX                          1.522 VBMPX {157.69 USD, 2022-05-02}
  Assets:US:Vanguard:Cash                         -240.00 USD

2022-05-02 * "Investing 60% of cash in RGAGX"
  Assets:US:Vanguard:RGAGX                          9.621 RGAGX {37.42 USD, 2022-05-02}
  Assets:US:Vanguard:Cash                         -360.02 USD

2022-05-13 * "Employer match for contribution"
  Assets:US:Vanguard:Cash                          600.00 USD
  Income:US:BayBook:Match401k                     -600.00 USD

2022-05-16 * "Investing 40% of cash in VBMPX"
  Assets:US:Vanguard:VBMPX                          3.053 VBMPX {157.24 USD, 2022-05-16}
  Assets:US:Vanguard:Cash                         -480.05 USD

2022-05-16 * "Investing 60% of cash in RGAGX"
  Assets:US:Vanguard:RGAGX                         19.210 RGAGX {37.48 USD, 2022-05-16}
  Assets:US:Vanguard:Cash                         -719.99 USD

2022-05-16 * "Investing 40% of cash in VBMPX"
  Assets:US:Vanguard:VBMPX                          1.526 VBMPX {157.24 USD, 2022-05-16}
  Assets:US:Vanguard:Cash                         -239.95 USD

2022-05-16 * "Investing 60% of cash in RGAGX"
  Assets:US:Vanguard:RGAGX                          9.604 RGAGX {37.48 USD, 2022-05-16}
  Assets:US:Vanguard:Cash                         -359.96 USD

2022-05-27 * "Employer match for contribution"
  Assets:US:Vanguard:Cash                          600.00 USD
  Income:US:BayBook:Match401k                     -600.00 USD

2022-05-30 * "Investing 40% of cash in VBMPX"
  Assets:US:Vanguard:VBMPX                          3.030 VBMPX {158.43 USD, 2022-05-30}
  Assets:US:Vanguard:Cash                         -480.04 USD

2022-05-30 * "Investing 60% of cash in RGAGX"
  Assets:US:Vanguard:RGAGX                         18.993 RGAGX {37.91 USD, 2022-05-30}
  Assets:US:Vanguard:Cash                         -720.02 USD

2022-05-30 * "Investing 40% of cash in VBMPX"
  Assets:US:Vanguard:VBMPX                          1.515 VBMPX {158.43 USD, 2022-05-30}
  Assets:US:Vanguard:Cash                         -240.02 USD

2022-05-30 * "Investing 60% of cash in RGAGX"
  Assets:US:Vanguard:RGAGX                          9.496 RGAGX {37.91 USD, 2022-05-30}
  Assets:US:Vanguard:Cash                         -359.99 USD

2022-06-10 * "Employer match for contribution"
  Assets:US:Vanguard:Cash                          600.00 USD
  Income:US:BayBook:Match401k                     -600.00 USD

2022-06-13 * "Investing 40% of cash in VBMPX"
  Assets:US:Vanguard:VBMPX                          2.992 VBMPX {160.41 USD, 2022-06-13}
  Assets:US:Vanguard:Cash                         -479.95 USD

2022-06-13 * "Investing 60% of cash in RGAGX"
  Assets:US:Vanguard:RGAGX                         19.052 RGAGX {37.79 USD, 2022-06-13}
  Assets:US:Vanguard:Cash                         -719.98 USD

2022-06-13 * "Investing 40% of cash in VBMPX"
  Assets:US:Vanguard:VBMPX                          1.496 VBMPX {160.41 USD, 2022-06-13}
  Assets:US:Vanguard:Cash                         -239.97 USD

2022-06-13 * "Investing 60% of cash in RGAGX"
  Assets:US:Vanguard:RGAGX                          9.527 RGAGX {37.79 USD, 2022-06-13}
  Assets:US:Vanguard:Cash                         -360.03 USD

2022-06-24 * "Employer match for contribution"
  Assets:US:Vanguard:Cash                          600.00 USD
  Income:US:BayBook:Match401k                     -600.00 USD

2022-06-27 * "Investing 40% of cash in VBMPX"
  Assets:US:Vanguard:VBMPX                          2.954 VBMPX {162.48 USD, 2022-06-27}
  Assets:US:Vanguard:Cash                         -479.97 USD

2022-06-27 * "Investing 60% of cash in RGAGX"
  Assets:US:Vanguard:RGAGX                         19.013 RGAGX {37.87 USD, 2022-06-27}
  Assets:US:Vanguard:Cash                         -720.02 USD

2022-06-27 * "Investing 40% of cash in VBMPX"
  Assets:US:Vanguard:VBMPX                          1.477 VBMPX {162.48 USD, 2022-06-27}
  Assets:US:Vanguard:Cash                         -239.98 USD

2022-06-27 * "Investing 60% of cash in RGAGX"
  Assets:US:Vanguard:RGAGX                          9.507 RGAGX {37.87 USD, 2022-06-27}
  Assets:US:Vanguard:Cash                         -360.03 USD

2022-07-08 * "Employer match for contribution"
  Assets:US:Vanguard:Cash                          600.00 USD
  Income:US:BayBook:Match401k                     -600.00 USD

2022-07-11 * "Investing 40% of cash in VBMPX"
  Assets:US:Vanguard:VBMPX                          2.971 VBMPX {161.54 USD, 2022-07-11}
  Assets:US:Vanguard:Cash                         -479.94 USD

2022-07-11 * "Investing 60% of cash in RGAGX"
  Assets:US:Vanguard:RGAGX                         19.089 RGAGX {37.72 USD, 2022-07-11}
  Assets:US:Vanguard:Cash                         -720.04 USD

2022-07-11 * "Investing 40% of cash in VBMPX"
  Assets:US:Vanguard:VBMPX                          1.486 VBMPX {161.54 USD, 2022-07-11}
  Assets:US:Vanguard:Cash                         -240.05 USD

2022-07-11 * "Investing 60% of cash in RGAGX"
  Assets:US:Vanguard:RGAGX                          9.545 RGAGX {37.72 USD, 2022-07-11}
  Assets:US:Vanguard:Cash                         -360.04 USD

2022-07-22 * "Employer match for contribution"
  Assets:US:Vanguard:Cash                          600.00 USD
  Income:US:BayBook:Match401k                     -600.00 USD

2022-07-25 * "Investing 40% of cash in VBMPX"
  Assets:US:Vanguard:VBMPX                          2.969 VBMPX {161.69 USD, 2022-07-25}
  Assets:US:Vanguard:Cash                         -480.06 USD

2022-07-25 * "Investing 60% of cash in RGAGX"
  Assets:US:Vanguard:RGAGX                         18.823 RGAGX {38.25 USD, 2022-07-25}
  Assets:US:Vanguard:Cash                         -719.98 USD

2022-07-25 * "Investing 40% of cash in VBMPX"
  Assets:US:Vanguard:VBMPX                          1.484 VBMPX {161.69 USD, 2022-07-25}
  Assets:US:Vanguard:Cash                         -239.95 USD

2022-07-25 * "Investing 60% of cash in RGAGX"
  Assets:US:Vanguard:RGAGX                          9.411 RGAGX {38.25 USD, 2022-07-25}
  Assets:US:Vanguard:Cash                         -359.97 USD

2022-08-05 * "Employer match for contribution"
  Assets:US:Vanguard:Cash                          250.00 USD
  Income:US:BayBook:Match401k                     -250.00 USD

2022-08-08 * "Investing 40% of cash in VBMPX"
  Assets:US:Vanguard:VBMPX                          1.226 VBMPX {163.19 USD, 2022-08-08}
  Assets:US:Vanguard:Cash                         -200.07 USD

2022-08-08 * "Investing 60% of cash in RGAGX"
  Assets:US:Vanguard:RGAGX                          7.885 RGAGX {38.05 USD, 2022-08-08}
  Assets:US:Vanguard:Cash                         -300.02 USD

2022-08-08 * "Investing 40% of cash in VBMPX"
  Assets:US:Vanguard:VBMPX                          0.613 VBMPX {163.19 USD, 2022-08-08}
  Assets:US:Vanguard:Cash                         -100.04 USD

2022-08-08 * "Investing 60% of cash in RGAGX"
  Assets:US:Vanguard:RGAGX                          3.941 RGAGX {38.05 USD, 2022-08-08}
  Assets:US:Vanguard:Cash                         -149.96 USD

2023-01-06 * "Employer match for contribution"
  Assets:US:Vanguard:Cash                          600.00 USD
  Income:US:BayBook:Match401k                     -600.00 USD

2023-01-09 * "Investing 40% of cash in VBMPX"
  Assets:US:Vanguard:VBMPX                          2.861 VBMPX {167.75 USD, 2023-01-09}
  Assets:US:Vanguard:Cash                         -479.93 USD

2023-01-09 * "Investing 60% of cash in RGAGX"
  Assets:US:Vanguard:RGAGX                         18.012 RGAGX {39.97 USD, 2023-01-09}
  Assets:US:Vanguard:Cash                         -719.94 USD

2023-01-09 * "Investing 40% of cash in VBMPX"
  Assets:US:Vanguard:VBMPX                          1.431 VBMPX {167.75 USD, 2023-01-09}
  Assets:US:Vanguard:Cash                         -240.05 USD

2023-01-09 * "Investing 60% of cash in RGAGX"
  Assets:US:Vanguard:RGAGX                          9.008 RGAGX {39.97 USD, 2023-01-09}
  Assets:US:Vanguard:Cash                         -360.05 USD

2023-01-20 * "Employer match for contribution"
  Assets:US:Vanguard:Cash                          600.00 USD
  Income:US:BayBook:Match401k                     -600.00 USD

2023-01-23 * "Investing 40% of cash in VBMPX"
  Assets:US:Vanguard:VBMPX                          2.796 VBMPX {171.67 USD, 2023-01-23}
  Assets:US:Vanguard:Cash                         -479.99 USD

2023-01-23 * "Investing 60% of cash in RGAGX"
  Assets:US:Vanguard:RGAGX                         17.707 RGAGX {40.66 USD, 2023-01-23}
  Assets:US:Vanguard:Cash                         -719.97 USD

2023-01-23 * "Investing 40% of cash in VBMPX"
  Assets:US:Vanguard:VBMPX                          1.398 VBMPX {171.67 USD, 2023-01-23}
  Assets:US:Vanguard:Cash                         -239.99 USD

2023-01-23 * "Investing 60% of cash in RGAGX"
  Assets:US:Vanguard:RGAGX                          8.854 RGAGX {40.66 USD, 2023-01-23}
  Assets:US:Vanguard:Cash                         -360.00 USD

2023-02-03 * "Employer match for contribution"
  Assets:US:Vanguard:Cash                          600.00 USD
  Income:US:BayBook:Match401k                     -600.00 USD

2023-02-06 * "Investing 40% of cash in VBMPX"
  Assets:US:Vanguard:VBMPX                          2.743 VBMPX {175.02 USD, 2023-02-06}
  Assets:US:Vanguard:Cash                         -480.08 USD

2023-02-06 * "Investing 60% of cash in RGAGX"
  Assets:US:Vanguard:RGAGX                         17.625 RGAGX {40.85 USD, 2023-02-06}
  Assets:US:Vanguard:Cash                         -719.98 USD

2023-02-06 * "Investing 40% of cash in VBMPX"
  Assets:US:Vanguard:VBMPX                          1.371 VBMPX {175.02 USD, 2023-02-06}
  Assets:US:Vanguard:Cash                         -239.95 USD

2023-02-06 * "Investing 60% of cash in RGAGX"
  Assets:US:Vanguard:RGAGX                          8.812 RGAGX {40.85 USD, 2023-02-06}
  Assets:US:Vanguard:Cash                         -359.97 USD

2023-02-17 * "Employer match for contribution"
  Assets:US:Vanguard:Cash                          600.00 USD
  Income:US:BayBook:Match401k                     -600.00 USD

2023-02-20 * "Investing 40% of cash in VBMPX"
  Assets:US:Vanguard:VBMPX                          2.767 VBMPX {173.49 USD, 2023-02-20}
  Assets:US:Vanguard:Cash                         -480.05 USD

2023-02-20 * "Investing 60% of cash in RGAGX"
  Assets:US:Vanguard:RGAGX                         17.476 RGAGX {41.20 USD, 2023-02-20}
  Assets:US:Vanguard:Cash                         -720.01 USD

2023-02-20 * "Investing 40% of cash in VBMPX"
  Assets:US:Vanguard:VBMPX                          1.383 VBMPX {173.49 USD, 2023-02-20}
  Assets:US:Vanguard:Cash                         -239.94 USD

2023-02-20 * "Investing 60% of cash in RGAGX"
  Assets:US:Vanguard:RGAGX                          8.737 RGAGX {41.20 USD, 2023-02-20}
  Assets:US:Vanguard:Cash                         -359.96 USD

2023-03-03 * "Employer match for contribution"
  Assets:US:Vanguard:Cash                          600.00 USD
  Income:US:BayBook:Match401k                     -600.00 USD

2023-03-06 * "Investing 40% of cash in VBMPX"
  Assets:US:Vanguard:VBMPX                          2.700 VBMPX {177.78 USD, 2023-03-06}
  Assets:US:Vanguard:Cash                         -480.01 USD

2023-03-06 * "Investing 60% of cash in RGAGX"
  Assets:US:Vanguard:RGAGX                         17.300 RGAGX {41.62 USD, 2023-03-06}
  Assets:US:Vanguard:Cash                         -720.03 USD

2023-03-06 * "Investing 40% of cash in VBMPX"
  Assets:US:Vanguard:VBMPX                          1.350 VBMPX {177.78 USD, 2023-03-06}
  Assets:US:Vanguard:Cash                         -240.00 USD

2023-03-06 * "Investing 60% of cash in RGAGX"
  Assets:US:Vanguard:RGAGX                          8.650 RGAGX {41.62 USD, 2023-03-06}
  Assets:US:Vanguard:Cash                         -360.01 USD

2023-03-17 * "Employer match for contribution"
  Assets:US:Vanguard:Cash                          600.00 USD
  Income:US:BayBook:Match401k                     -600.00 USD

2023-03-20 * "Investing 40% of cash in VBMPX"
  Assets:US:Vanguard:VBMPX                          2.729 VBMPX {175.90 USD, 2023-03-20}
  Assets:US:Vanguard:Cash                         -480.03 USD

2023-03-20 * "Investing 60% of cash in RGAGX"
  Assets:US:Vanguard:RGAGX                         17.250 RGAGX {41.74 USD, 2023-03-20}
  Assets:US:Vanguard:Cash                         -720.02 USD

2023-03-20 * "Investing 40% of cash in VBMPX"
  Assets:US:Vanguard:VBMPX                          1.364 VBMPX {175.90 USD, 2023-03-20}
  Assets:US:Vanguard:Cash                         -239.93 USD

2023-03-20 * "Investing 60% of cash in RGAGX"
  Assets:US:Vanguard:RGAGX                          8.624 RGAGX {41.74 USD, 2023-03-20}
  Assets:US:Vanguard:Cash                         -359.97 USD

2023-03-31 * "Employer match for contribution"
  Assets:US:Vanguard:Cash                          600.00 USD
  Income:US:BayBook:Match401k                     -600.00 USD

2023-04-03 * "Investing 40% of cash in VBMPX"
  Assets:US:Vanguard:VBMPX                          2.659 VBMPX {180.55 USD, 2023-04-03}
  Assets:US:Vanguard:Cash                         -480.08 USD

2023-04-03 * "Investing 60% of cash in RGAGX"
  Assets:US:Vanguard:RGAGX                         17.103 RGAGX {42.10 USD, 2023-04-03}
  Assets:US:Vanguard:Cash                         -720.04 USD

2023-04-03 * "Investing 40% of cash in VBMPX"
  Assets:US:Vanguard:VBMPX                          1.329 VBMPX {180.55 USD, 2023-04-03}
  Assets:US:Vanguard:Cash                         -239.95 USD

2023-04-03 * "Investing 60% of cash in RGAGX"
  Assets:US:Vanguard:RGAGX                          8.550 RGAGX {42.10 USD, 2023-04-03}
  Assets:US:Vanguard:Cash                         -359.96 USD

2023-04-14 * "Employer match for contribution"
  Assets:US:Vanguard:Cash                          600.00 USD
  Income:US:BayBook:Match401k                     -600.00 USD

2023-04-17 * "Investing 40% of cash in VBMPX"
  Assets:US:Vanguard:VBMPX                          2.634 VBMPX {182.22 USD, 2023-04-17}
  Assets:US:Vanguard:Cash                         -479.97 USD

2023-04-17 * "Investing 60% of cash in RGAGX"
  Assets:US:Vanguard:RGAGX                         16.760 RGAGX {42.96 USD, 2023-04-17}
  Assets:US:Vanguard:Cash                         -720.01 USD

2023-04-17 * "Investing 40% of cash in VBMPX"
  Assets:US:Vanguard:VBMPX                          1.317 VBMPX {182.22 USD, 2023-04-17}
  Assets:US:Vanguard:Cash                         -239.98 USD

2023-04-17 * "Investing 60% of cash in RGAGX"
  Assets:US:Vanguard:RGAGX                          8.381 RGAGX {42.96 USD, 2023-04-17}
  Assets:US:Vanguard:Cash                         -360.05 USD

2023-04-28 * "Employer match for contribution"
  Assets:US:Vanguard:Cash                          600.00 USD
  Income:US:BayBook:Match401k                     -600.00 USD

2023-05-01 * "Investing 40% of cash in VBMPX"
  Assets:US:Vanguard:VBMPX                          2.592 VBMPX {185.17 USD, 2023-05-01}
  Assets:US:Vanguard:Cash                         -479.96 USD

2023-05-01 * "Investing 60% of cash in RGAGX"
  Assets:US:Vanguard:RGAGX                         16.675 RGAGX {43.18 USD, 2023-05-01}
  Assets:US:Vanguard:Cash                         -720.03 USD

2023-05-01 * "Investing 40% of cash in VBMPX"
  Assets:US:Vanguard:VBMPX                          1.296 VBMPX {185.17 USD, 2023-05-01}
  Assets:US:Vanguard:Cash                         -239.98 USD

2023-05-01 * "Investing 60% of cash in RGAGX"
  Assets:US:Vanguard:RGAGX                          8.338 RGAGX {43.18 USD, 2023-05-01}
  Assets:US:Vanguard:Cash                         -360.03 USD

2023-05-12 * "Employer match for contribution"
  Assets:US:Vanguard:Cash                          600.00 USD
  Income:US:BayBook:Match401k                     -600.00 USD

2023-05-15 * "Investing 40% of cash in VBMPX"
  Assets:US:Vanguard:VBMPX                          2.517 VBMPX {190.74 USD, 2023-05-15}
  Assets:US:Vanguard:Cash                         -480.09 USD

2023-05-15 * "Investing 60% of cash in RGAGX"
  Assets:US:Vanguard:RGAGX                         16.858 RGAGX {42.71 USD, 2023-05-15}
  Assets:US:Vanguard:Cash                         -720.01 USD

2023-05-15 * "Investing 40% of cash in VBMPX"
  Assets:US:Vanguard:VBMPX                          1.258 VBMPX {190.74 USD, 2023-05-15}
  Assets:US:Vanguard:Cash                         -239.95 USD

2023-05-15 * "Investing 60% of cash in RGAGX"
  Assets:US:Vanguard:RGAGX                          8.428 RGAGX {42.71 USD, 2023-05-15}
  Assets:US:Vanguard:Cash                         -359.96 USD

2023-05-26 * "Employer match for contribution"
  Assets:US:Vanguard:Cash                          600.00 USD
  Income:US:BayBook:Match401k                     -600.00 USD

2023-05-29 * "Investing 40% of cash in VBMPX"
  Assets:US:Vanguard:VBMPX                          2.539 VBMPX {189.02 USD, 2023-05-29}
  Assets:US:Vanguard:Cash                         -479.92 USD

2023-05-29 * "Investing 60% of cash in RGAGX"
  Assets:US:Vanguard:RGAGX                         16.933 RGAGX {42.52 USD, 2023-05-29}
  Assets:US:Vanguard:Cash                         -719.99 USD

2023-05-29 * "Investing 40% of cash in VBMPX"
  Assets:US:Vanguard:VBMPX                          1.270 VBMPX {189.02 USD, 2023-05-29}
  Assets:US:Vanguard:Cash                         -240.06 USD

2023-05-29 * "Investing 60% of cash in RGAGX"
  Assets:US:Vanguard:RGAGX                          8.468 RGAGX {42.52 USD, 2023-05-29}
  Assets:US:Vanguard:Cash                         -360.06 USD

2023-06-09 * "Employer match for contribution"
  Assets:US:Vanguard:Cash                          600.00 USD
  Income:US:BayBook:Match401k                     -600.00 USD

2023-06-12 * "Investing 40% of cash in VBMPX"
  Assets:US:Vanguard:VBMPX                          2.432 VBMPX {197.35 USD, 2023-06-12}
  Assets:US:Vanguard:Cash                         -479.96 USD

2023-06-12 * "Investing 60% of cash in RGAGX"
  Assets:US:Vanguard:RGAGX                         17.017 RGAGX {42.31 USD, 2023-06-12}
  Assets:US:Vanguard:Cash                         -719.99 USD

2023-06-12 * "Investing 40% of cash in VBMPX"
  Assets:US:Vanguard:VBMPX                          1.216 VBMPX {197.35 USD, 2023-06-12}
  Assets:US:Vanguard:Cash                         -239.98 USD

2023-06-12 * "Investing 60% of cash in RGAGX"
  Assets:US:Vanguard:RGAGX                          8.509 RGAGX {42.31 USD, 2023-06-12}
  Assets:US:Vanguard:Cash                         -360.02 USD

2023-06-23 * "Employer match for contribution"
  Assets:US:Vanguard:Cash                          600.00 USD
  Income:US:BayBook:Match401k                     -600.00 USD

2023-06-26 * "Investing 40% of cash in VBMPX"
  Assets:US:Vanguard:VBMPX                          2.319 VBMPX {206.97 USD, 2023-06-26}
  Assets:US:Vanguard:Cash                         -479.96 USD

2023-06-26 * "Investing 60% of cash in RGAGX"
  Assets:US:Vanguard:RGAGX                         16.954 RGAGX {42.47 USD, 2023-06-26}
  Assets:US:Vanguard:Cash                         -720.04 USD

2023-06-26 * "Investing 40% of cash in VBMPX"
  Assets:US:Vanguard:VBMPX                          1.160 VBMPX {206.97 USD, 2023-06-26}
  Assets:US:Vanguard:Cash                         -240.09 USD

2023-06-26 * "Investing 60% of cash in RGAGX"
  Assets:US:Vanguard:RGAGX                          8.477 RGAGX {42.47 USD, 2023-06-26}
  Assets:US:Vanguard:Cash                         -360.02 USD

2023-07-07 * "Employer match for contribution"
  Assets:US:Vanguard:Cash                          600.00 USD
  Income:US:BayBook:Match401k                     -600.00 USD

2023-07-10 * "Investing 40% of cash in VBMPX"
  Assets:US:Vanguard:VBMPX                          2.343 VBMPX {204.83 USD, 2023-07-10}
  Assets:US:Vanguard:Cash                         -479.92 USD

2023-07-10 * "Investing 60% of cash in RGAGX"
  Assets:US:Vanguard:RGAGX                         16.798 RGAGX {42.86 USD, 2023-07-10}
  Assets:US:Vanguard:Cash                         -719.96 USD

2023-07-10 * "Investing 40% of cash in VBMPX"
  Assets:US:Vanguard:VBMPX                          1.172 VBMPX {204.83 USD, 2023-07-10}
  Assets:US:Vanguard:Cash                         -240.06 USD

2023-07-10 * "Investing 60% of cash in RGAGX"
  Assets:US:Vanguard:RGAGX                          8.400 RGAGX {42.86 USD, 2023-07-10}
  Assets:US:Vanguard:Cash                         -360.02 USD

2023-07-21 * "Employer match for contribution"
  Assets:US:Vanguard:Cash                          600.00 USD
  Income:US:BayBook:Match401k                     -600.00 USD

2023-07-24 * "Investing 40% of cash in VBMPX"
  Assets:US:Vanguard:VBMPX                          2.302 VBMPX {208.49 USD, 2023-07-24}
  Assets:US:Vanguard:Cash                         -479.94 USD

2023-07-24 * "Investing 60% of cash in RGAGX"
  Assets:US:Vanguard:RGAGX                         16.412 RGAGX {43.87 USD, 2023-07-24}
  Assets:US:Vanguard:Cash                         -719.99 USD

2023-07-24 * "Investing 40% of cash in VBMPX"
  Assets:US:Vanguard:VBMPX                          1.151 VBMPX {208.49 USD, 2023-07-24}
  Assets:US:Vanguard:Cash                         -239.97 USD

2023-07-24 * "Investing 60% of cash in RGAGX"
  Assets:US:Vanguard:RGAGX                          8.206 RGAGX {43.87 USD, 2023-07-24}
  Assets:US:Vanguard:Cash                         -360.00 USD

2023-08-04 * "Employer match for contribution"
  Assets:US:Vanguard:Cash                          250.00 USD
  Income:US:BayBook:Match401k                     -250.00 USD

2023-08-07 * "Investing 40% of cash in VBMPX"
  Assets:US:Vanguard:VBMPX                          0.976 VBMPX {204.94 USD, 2023-08-07}
  Assets:US:Vanguard:Cash                         -200.02 USD

2023-08-07 * "Investing 60% of cash in RGAGX"
  Assets:US:Vanguard:RGAGX                          6.864 RGAGX {43.71 USD, 2023-08-07}
  Assets:US:Vanguard:Cash                         -300.03 USD

2023-08-07 * "Investing 40% of cash in VBMPX"
  Assets:US:Vanguard:VBMPX                          0.488 VBMPX {204.94 USD, 2023-08-07}
  Assets:US:Vanguard:Cash                         -100.01 USD

2023-08-07 * "Investing 60% of cash in RGAGX"
  Assets:US:Vanguard:RGAGX                          3.432 RGAGX {43.71 USD, 2023-08-07}
  Assets:US:Vanguard:Cash                         -150.01 USD

2024-01-05 * "Employer match for contribution"
  Assets:US:Vanguard:Cash                          600.00 USD
  Income:US:BayBook:Match401k                     -600.00 USD

2024-01-08 * "Investing 40% of cash in VBMPX"
  Assets:US:Vanguard:VBMPX                          2.256 VBMPX {212.73 USD, 2024-01-08}
  Assets:US:Vanguard:Cash                         -479.92 USD

2024-01-08 * "Investing 60% of cash in RGAGX"
  Assets:US:Vanguard:RGAGX                         15.537 RGAGX {46.34 USD, 2024-01-08}
  Assets:US:Vanguard:Cash                         -719.98 USD

2024-01-08 * "Investing 40% of cash in VBMPX"
  Assets:US:Vanguard:VBMPX                          1.128 VBMPX {212.73 USD, 2024-01-08}
  Assets:US:Vanguard:Cash                         -239.96 USD

2024-01-08 * "Investing 60% of cash in RGAGX"
  Assets:US:Vanguard:RGAGX                          7.770 RGAGX {46.34 USD, 2024-01-08}
  Assets:US:Vanguard:Cash                         -360.06 USD

2024-01-19 * "Employer match for contribution"
  Assets:US:Vanguard:Cash                          600.00 USD
  Income:US:BayBook:Match401k                     -600.00 USD

2024-01-22 * "Investing 40% of cash in VBMPX"
  Assets:US:Vanguard:VBMPX                          2.276 VBMPX {210.94 USD, 2024-01-22}
  Assets:US:Vanguard:Cash                         -480.10 USD

2024-01-22 * "Investing 60% of cash in RGAGX"
  Assets:US:Vanguard:RGAGX                         16.015 RGAGX {44.96 USD, 2024-01-22}
  Assets:US:Vanguard:Cash                         -720.03 USD

2024-01-22 * "Investing 40% of cash in VBMPX"
  Assets:US:Vanguard:VBMPX                          1.138 VBMPX {210.94 USD, 2024-01-22}
  Assets:US:Vanguard:Cash                         -240.05 USD

2024-01-22 * "Investing 60% of cash in RGAGX"
  Assets:US:Vanguard:RGAGX                          8.006 RGAGX {44.96 USD, 2024-01-22}
  Assets:US:Vanguard:Cash                         -359.95 USD

2024-02-02 * "Employer match for contribution"
  Assets:US:Vanguard:Cash                          600.00 USD
  Income:US:BayBook:Match401k                     -600.00 USD

2024-02-05 * "Investing 40% of cash in VBMPX"
  Assets:US:Vanguard:VBMPX                          2.304 VBMPX {208.28 USD, 2024-02-05}
  Assets:US:Vanguard:Cash                         -479.88 USD

2024-02-05 * "Investing 60% of cash in RGAGX"
  Assets:US:Vanguard:RGAGX                         15.932 RGAGX {45.19 USD, 2024-02-05}
  Assets:US:Vanguard:Cash                         -719.97 USD

2024-02-05 * "Investing 40% of cash in VBMPX"
  Assets:US:Vanguard:VBMPX                          1.152 VBMPX {208.28 USD, 2024-02-05}
  Assets:US:Vanguard:Cash                         -239.94 USD

2024-02-05 * "Investing 60% of cash in RGAGX"
  Assets:US:Vanguard:RGAGX                          7.968 RGAGX {45.19 USD, 2024-02-05}
  Assets:US:Vanguard:Cash                         -360.07 USD

2024-02-16 * "Employer match for contribution"
  Assets:US:Vanguard:Cash                          600.00 USD
  Income:US:BayBook:Match401k                     -600.00 USD

2024-02-19 * "Investing 40% of cash in VBMPX"
  Assets:US:Vanguard:VBMPX                          2.313 VBMPX {207.58 USD, 2024-02-19}
  Assets:US:Vanguard:Cash                         -480.13 USD

2024-02-19 * "Investing 60% of cash in RGAGX"
  Assets:US:Vanguard:RGAGX                         15.927 RGAGX {45.21 USD, 2024-02-19}
  Assets:US:Vanguard:Cash                         -720.06 USD

2024-02-19 * "Investing 40% of cash in VBMPX"
  Assets:US:Vanguard:VBMPX                          1.156 VBMPX {207.58 USD, 2024-02-19}
  Assets:US:Vanguard:Cash                         -239.96 USD

2024-02-19 * "Investing 60% of cash in RGAGX"
  Assets:US:Vanguard:RGAGX                          7.961 RGAGX {45.21 USD, 2024-02-19}
  Assets:US:Vanguard:Cash                         -359.92 USD

2024-03-01 * "Employer match for contribution"
  Assets:US:Vanguard:Cash                          600.00 USD
  Income:US:BayBook:Match401k                     -600.00 USD

2024-03-04 * "Investing 40% of cash in VBMPX"
  Assets:US:Vanguard:VBMPX                          2.322 VBMPX {206.74 USD, 2024-03-04}
  Assets:US:Vanguard:Cash                         -480.05 USD

2024-03-04 * "Investing 60% of cash in RGAGX"
  Assets:US:Vanguard:RGAGX                         15.676 RGAGX {45.93 USD, 2024-03-04}
  Assets:US:Vanguard:Cash                         -720.00 USD

2024-03-04 * "Investing 40% of cash in VBMPX"
  Assets:US:Vanguard:VBMPX                          1.161 VBMPX {206.74 USD, 2024-03-04}
  Assets:US:Vanguard:Cash                         -240.03 USD

2024-03-04 * "Investing 60% of cash in RGAGX"
  Assets:US:Vanguard:RGAGX                          7.837 RGAGX {45.93 USD, 2024-03-04}
  Assets:US:Vanguard:Cash                         -359.95 USD

2024-03-15 * "Employer match for contribution"
  Assets:US:Vanguard:Cash                          600.00 USD
  Income:US:BayBook:Match401k                     -600.00 USD

2024-03-18 * "Investing 40% of cash in VBMPX"
  Assets:US:Vanguard:VBMPX                          2.273 VBMPX {211.14 USD, 2024-03-18}
  Assets:US:Vanguard:Cash                         -479.92 USD

2024-03-18 * "Investing 60% of cash in RGAGX"
  Assets:US:Vanguard:RGAGX                         15.625 RGAGX {46.08 USD, 2024-03-18}
  Assets:US:Vanguard:Cash                         -720.00 USD

2024-03-18 * "Investing 40% of cash in VBMPX"
  Assets:US:Vanguard:VBMPX                          1.137 VBMPX {211.14 USD, 2024-03-18}
  Assets:US:Vanguard:Cash                         -240.07 USD

2024-03-18 * "Investing 60% of cash in RGAGX"
  Assets:US:Vanguard:RGAGX                          7.813 RGAGX {46.08 USD, 2024-03-18}
  Assets:US:Vanguard:Cash                         -360.02 USD

2024-03-29 * "Employer match for contribution"
  Assets:US:Vanguard:Cash                          600.00 USD
  Income:US:BayBook:Match401k                     -600.00 USD

2024-04-01 * "Investing 40% of cash in VBMPX"
  Assets:US:Vanguard:VBMPX                          2.261 VBMPX {212.33 USD, 2024-04-01}
  Assets:US:Vanguard:Cash                         -480.08 USD

2024-04-01 * "Investing 60% of cash in RGAGX"
  Assets:US:Vanguard:RGAGX                         15.831 RGAGX {45.48 USD, 2024-04-01}
  Assets:US:Vanguard:Cash                         -719.99 USD

2024-04-01 * "Investing 40% of cash in VBMPX"
  Assets:US:Vanguard:VBMPX                          1.130 VBMPX {212.33 USD, 2024-04-01}
  Assets:US:Vanguard:Cash                         -239.93 USD

2024-04-01 * "Investing 60% of cash in RGAGX"
  Assets:US:Vanguard:RGAGX                          7.914 RGAGX {45.48 USD, 2024-04-01}
  Assets:US:Vanguard:Cash                         -359.93 USD

2024-04-12 * "Employer match for contribution"
  Assets:US:Vanguard:Cash                          600.00 USD
  Income:US:BayBook:Match401k                     -600.00 USD

2024-04-15 * "Investing 40% of cash in VBMPX"
  Assets:US:Vanguard:VBMPX                          2.221 VBMPX {216.11 USD, 2024-04-15}
  Assets:US:Vanguard:Cash                         -479.98 USD

2024-04-15 * "Investing 60% of cash in RGAGX"
  Assets:US:Vanguard:RGAGX                         15.874 RGAGX {45.36 USD, 2024-04-15}
  Assets:US:Vanguard:Cash                         -720.04 USD

2024-04-15 * "Investing 40% of cash in VBMPX"
  Assets:US:Vanguard:VBMPX                          1.111 VBMPX {216.11 USD, 2024-04-15}
  Assets:US:Vanguard:Cash                         -240.10 USD

2024-04-15 * "Investing 60% of cash in RGAGX"
  Assets:US:Vanguard:RGAGX                          7.937 RGAGX {45.36 USD, 2024-04-15}
  Assets:US:Vanguard:Cash                         -360.02 USD

2024-04-26 * "Employer match for contribution"
  Assets:US:Vanguard:Cash                          600.00 USD
  Income:US:BayBook:Match401k                     -600.00 USD

2024-04-29 * "Investing 40% of cash in VBMPX"
  Assets:US:Vanguard:VBMPX                          2.161 VBMPX {222.09 USD, 2024-04-29}
  Assets:US:Vanguard:Cash                         -479.94 USD

2024-04-29 * "Investing 60% of cash in RGAGX"
  Assets:US:Vanguard:RGAGX                         15.914 RGAGX {45.24 USD, 2024-04-29}
  Assets:US:Vanguard:Cash                         -719.95 USD

2024-04-29 * "Investing 40% of cash in VBMPX"
  Assets:US:Vanguard:VBMPX                          1.081 VBMPX {222.09 USD, 2024-04-29}
  Assets:US:Vanguard:Cash                         -240.08 USD

2024-04-29 * "Investing 60% of cash in RGAGX"
  Assets:US:Vanguard:RGAGX                          7.958 RGAGX {45.24 USD, 2024-04-29}
  Assets:US:Vanguard:Cash                         -360.02 USD

2024-05-10 * "Employer match for contribution"
  Assets:US:Vanguard:Cash                          600.00 USD
  Income:US:BayBook:Match401k                     -600.00 USD

2024-05-13 * "Investing 40% of cash in VBMPX"
  Assets:US:Vanguard:VBMPX                          2.157 VBMPX {222.53 USD, 2024-05-13}
  Assets:US:Vanguard:Cash                         -480.00 USD

2024-05-13 * "Investing 60% of cash in RGAGX"
  Assets:US:Vanguard:RGAGX                         16.024 RGAGX {44.93 USD, 2024-05-13}
  Assets:US:Vanguard:Cash                         -719.96 USD

2024-05-13 * "Investing 40% of cash in VBMPX"
  Assets:US:Vanguard:VBMPX                          1.078 VBMPX {222.53 USD, 2024-05-13}
  Assets:US:Vanguard:Cash                         -239.89 USD

2024-05-13 * "Investing 60% of cash in RGAGX"
  Assets:US:Vanguard:RGAGX                          8.012 RGAGX {44.93 USD, 2024-05-13}
  Assets:US:Vanguard:Cash                         -359.98 USD

2024-05-24 * "Employer match for contribution"
  Assets:US:Vanguard:Cash                          600.00 USD
  Income:US:BayBook:Match401k                     -600.00 USD

2024-05-27 * "Investing 40% of cash in VBMPX"
  Assets:US:Vanguard:VBMPX                          2.192 VBMPX {218.95 USD, 2024-05-27}
  Assets:US:Vanguard:Cash                         -479.94 USD

2024-05-27 * "Investing 60% of cash in RGAGX"
  Assets:US:Vanguard:RGAGX                         16.192 RGAGX {44.47 USD, 2024-05-27}
  Assets:US:Vanguard:Cash                         -720.06 USD

2024-05-27 * "Investing 40% of cash in VBMPX"
  Assets:US:Vanguard:VBMPX                          1.096 VBMPX {218.95 USD, 2024-05-27}
  Assets:US:Vanguard:Cash                         -239.97 USD

2024-05-27 * "Investing 60% of cash in RGAGX"
  Assets:US:Vanguard:RGAGX                          8.096 RGAGX {44.47 USD, 2024-05-27}
  Assets:US:Vanguard:Cash                         -360.03 USD

2024-06-07 * "Employer match for contribution"
  Assets:US:Vanguard:Cash                          600.00 USD
  Income:US:BayBook:Match401k                     -600.00 USD

2024-06-10 * "Investing 40% of cash in VBMPX"
  Assets:US:Vanguard:VBMPX                          2.168 VBMPX {221.38 USD, 2024-06-10}
  Assets:US:Vanguard:Cash                         -479.95 USD

2024-06-10 * "Investing 60% of cash in RGAGX"
  Assets:US:Vanguard:RGAGX                         15.770 RGAGX {45.66 USD, 2024-06-10}
  Assets:US:Vanguard:Cash                         -720.06 USD

2024-06-10 * "Investing 40% of cash in VBMPX"
  Assets:US:Vanguard:VBMPX                          1.084 VBMPX {221.38 USD, 2024-06-10}
  Assets:US:Vanguard:Cash                         -239.98 USD

2024-06-10 * "Investing 60% of cash in RGAGX"
  Assets:US:Vanguard:RGAGX                          7.885 RGAGX {45.66 USD, 2024-06-10}
  Assets:US:Vanguard:Cash                         -360.03 USD

2024-06-21 * "Employer match for contribution"
  Assets:US:Vanguard:Cash                          600.00 USD
  Income:US:BayBook:Match401k                     -600.00 USD

2024-06-24 * "Investing 40% of cash in VBMPX"
  Assets:US:Vanguard:VBMPX                          2.192 VBMPX {219.01 USD, 2024-06-24}
  Assets:US:Vanguard:Cash                         -480.07 USD

2024-06-24 * "Investing 60% of cash in RGAGX"
  Assets:US:Vanguard:RGAGX                         15.495 RGAGX {46.47 USD, 2024-06-24}
  Assets:US:Vanguard:Cash                         -720.05 USD

2024-06-24 * "Investing 40% of cash in VBMPX"
  Assets:US:Vanguard:VBMPX                          1.096 VBMPX {219.01 USD, 2024-06-24}
  Assets:US:Vanguard:Cash                         -240.03 USD

2024-06-24 * "Investing 60% of cash in RGAGX"
  Assets:US:Vanguard:RGAGX                          7.746 RGAGX {46.47 USD, 2024-06-24}
  Assets:US:Vanguard:Cash                         -359.96 USD

2024-07-05 * "Employer match for contribution"
  Assets:US:Vanguard:Cash                          600.00 USD
  Income:US:BayBook:Match401k                     -600.00 USD

2024-07-08 * "Investing 40% of cash in VBMPX"
  Assets:US:Vanguard:VBMPX                          2.235 VBMPX {214.75 USD, 2024-07-08}
  Assets:US:Vanguard:Cash                         -479.97 USD

2024-07-08 * "Investing 60% of cash in RGAGX"
  Assets:US:Vanguard:RGAGX                         15.611 RGAGX {46.12 USD, 2024-07-08}
  Assets:US:Vanguard:Cash                         -719.98 USD

2024-07-08 * "Investing 40% of cash in VBMPX"
  Assets:US:Vanguard:VBMPX                          1.118 VBMPX {214.75 USD, 2024-07-08}
  Assets:US:Vanguard:Cash                         -240.09 USD

2024-07-08 * "Investing 60% of cash in RGAGX"
  Assets:US:Vanguard:RGAGX                          7.806 RGAGX {46.12 USD, 2024-07-08}
  Assets:US:Vanguard:Cash                         -360.01 USD

2024-07-19 * "Employer match for contribution"
  Assets:US:Vanguard:Cash                          600.00 USD
  Income:US:BayBook:Match401k                     -600.00 USD

2024-07-22 * "Investing 40% of cash in VBMPX"
  Assets:US:Vanguard:VBMPX                          2.235 VBMPX {214.72 USD, 2024-07-22}
  Assets:US:Vanguard:Cash                         -479.90 USD

2024-07-22 * "Investing 60% of cash in RGAGX"
  Assets:US:Vanguard:RGAGX                         15.688 RGAGX {45.89 USD, 2024-07-22}
  Assets:US:Vanguard:Cash                         -719.92 USD

2024-07-22 * "Investing 40% of cash in VBMPX"
  Assets:US:Vanguard:VBMPX                          1.118 VBMPX {214.72 USD, 2024-07-22}
  Assets:US:Vanguard:Cash                         -240.06 USD

2024-07-22 * "Investing 60% of cash in RGAGX"
  Assets:US:Vanguard:RGAGX                          7.846 RGAGX {45.89 USD, 2024-07-22}
  Assets:US:Vanguard:Cash                         -360.05 USD

2024-08-02 * "Employer match for contribution"
  Assets:US:Vanguard:Cash                          250.00 USD
  Income:US:BayBook:Match401k                     -250.00 USD

2024-08-05 * "Investing 40% of cash in VBMPX"
  Assets:US:Vanguard:VBMPX                          0.925 VBMPX {216.16 USD, 2024-08-05}
  Assets:US:Vanguard:Cash                         -199.95 USD

2024-08-05 * "Investing 60% of cash in RGAGX"
  Assets:US:Vanguard:RGAGX                          6.628 RGAGX {45.26 USD, 2024-08-05}
  Assets:US:Vanguard:Cash                         -299.98 USD

2024-08-05 * "Investing 40% of cash in VBMPX"
  Assets:US:Vanguard:VBMPX                          0.463 VBMPX {216.16 USD, 2024-08-05}
  Assets:US:Vanguard:Cash                         -100.08 USD

2024-08-05 * "Investing 60% of cash in RGAGX"
  Assets:US:Vanguard:RGAGX                          3.315 RGAGX {45.26 USD, 2024-08-05}
  Assets:US:Vanguard:Cash                         -150.04 USD



* Sources of Income

2022-01-01 open Income:US:BayBook:Salary                      USD
2022-01-01 open Income:US:BayBook:GroupTermLife               USD
2022-01-01 open Income:US:BayBook:Vacation                    VACHR
2022-01-01 open Assets:US:BayBook:Vacation                    VACHR
2022-01-01 open Expenses:Vacation                               VACHR
2022-01-01 open Expenses:Health:Life:GroupTermLife
2022-01-01 open Expenses:Health:Medical:Insurance
2022-01-01 open Expenses:Health:Dental:Insurance
2022-01-01 open Expenses:Health:Vision:Insurance

2022-01-01 event "employer" "BayBook, 1501 Billow Rd, Benlo Park, CA"

2022-01-06 * "BayBook" "Payroll"
  Assets:US:BofA:Checking                         1350.60 USD
  Assets:US:Vanguard:Cash                         1200.00 USD
  Income:US:BayBook:Salary                       -4615.38 USD
  Income:US:BayBook:GroupTermLife                  -24.32 USD
  Expenses:Health:Life:GroupTermLife                24.32 USD
  Expenses:Health:Dental:Insurance                   2.90 USD
  Expenses:Health:Medical:Insurance                 27.38 USD
  Expenses:Health:Vision:Insurance                  42.30 USD
  Expenses:Taxes:Y2022:US:Medicare                 106.62 USD
  Expenses:Taxes:Y2022:US:Federal                 1062.92 USD
  Expenses:Taxes:Y2022:US:State                    365.08 USD
  Expenses:Taxes:Y2022:US:CityNYC                  174.92 USD
  Expenses:Taxes:Y2022:US:SDI                        1.12 USD
  Expenses:Taxes:Y2022:US:SocSec                   281.54 USD
  Assets:US:Federal:PreTax401k                   -1200.00 IRAUSD
  Expenses:Taxes:Y2022:US:Federal:PreTax401k      1200.00 IRAUSD
  Assets:US:BayBook:Vacation                            5 VACHR
  Income:US:BayBook:Vacation                           -5 VACHR

2022-01-20 * "BayBook" "Payroll"
  Assets:US:BofA:Checking                         1350.60 USD
  Assets:US:Vanguard:Cash                         1200.00 USD
  Income:US:BayBook:Salary                       -4615.38 USD
  Income:US:BayBook:GroupTermLife                  -24.32 USD
  Expenses:Health:Life:GroupTermLife                24.32 USD
  Expenses:Health:Dental:Insurance                   2.90 USD
  Expenses:Health:Medical:Insurance                 27.38 USD
  Expenses:Health:Vision:Insurance                  42.30 USD
  Expenses:Taxes:Y2022:US:Medicare                 106.62 USD
  Expenses:Taxes:Y2022:US:Federal                 1062.92 USD
  Expenses:Taxes:Y2022:US:State                    365.08 USD
  Expenses:Taxes:Y2022:US:CityNYC                  174.92 USD
  Expenses:Taxes:Y2022:US:SDI                        1.12 USD
  Expenses:Taxes:Y2022:US:SocSec                   281.54 USD
  Assets:US:Federal:PreTax401k                   -1200.00 IRAUSD
  Expenses:Taxes:Y2022:US:Federal:PreTax401k      1200.00 IRAUSD
  Assets:US:BayBook:Vacation                            5 VACHR
  Income:US:BayBook:Vacation                           -5 VACHR

2022-02-03 * "BayBook" "Payroll"
  Assets:US:BofA:Checking                         1350.60 USD
  Assets:US:Vanguard:Cash                         1200.00 USD
  Income:US:BayBook:Salary                       -4615.38 USD
  Income:US:BayBook:GroupTermLife                  -24.32 USD
  Expenses:Health:Life:GroupTermLife                24.32 USD
  Expenses:Health:Dental:Insurance                   2.90 USD
  Expenses:Health:Medical:Insurance                 27.38 USD
  Expenses:Health:Vision:Insurance                  42.30 USD
  Expenses:Taxes:Y2022:US:Medicare                 106.62 USD
  Expenses:Taxes:Y2022:US:Federal                 1062.92 USD
  Expenses:Taxes:Y2022:US:State                    365.08 USD
  Expenses:Taxes:Y2022:US:CityNYC                  174.92 USD
  Expenses:Taxes:Y2022:US:SDI                        1.12 USD
  Expenses:Taxes:Y2022:US:SocSec                   281.54 USD
  Assets:US:Federal:PreTax401k                   -1200.00 IRAUSD
  Expenses:Taxes:Y2022:US:Federal:PreTax401k      1200.00 IRAUSD
  Assets:US:BayBook:Vacation                            5 VACHR
  Income:US:BayBook:Vacation                           -5 VACHR

2022-02-17 * "BayBook" "Payroll"
  Assets:US:BofA:Checking                         1350.60 USD
  Assets:US:Vanguard:Cash                         1200.00 USD
  Income:US:BayBook:Salary                       -4615.38 USD
  Income:US:BayBook:GroupTermLife                  -24.32 USD
  Expenses:Health:Life:GroupTermLife                24.32 USD
  Expenses:Health:Dental:Insurance                   2.90 USD
  Expenses:Health:Medical:Insurance                 27.38 USD
  Expenses:Health:Vision:Insurance                  42.30 USD
  Expenses:Taxes:Y2022:US:Medicare                 106.62 USD
  Expenses:Taxes:Y2022:US:Federal                 1062.92 USD
  Expenses:Taxes:Y2022:US:State                    365.08 USD
  Expenses:Taxes:Y2022:US:CityNYC                  174.92 USD
  Expenses:Taxes:Y2022:US:SDI                        1.12 USD
  Expenses:Taxes:Y2022:US:SocSec                   281.54 USD
  Assets:US:Federal:PreTax401k                   -1200.00 IRAUSD
  Expenses:Taxes:Y2022:US:Federal:PreTax401k      1200.00 IRAUSD
  Assets:US:BayBook:Vacation                            5 VACHR
  Income:US:BayBook:Vacation                           -5 VACHR

2022-03-03 * "BayBook" "Payroll"
  Assets:US:BofA:Checking                         1350.60 USD
  Assets:US:Vanguard:Cash                         1200.00 USD
  Income:US:BayBook:Salary                       -4615.38 USD
  Income:US:BayBook:GroupTermLife                  -24.32 USD
  Expenses:Health:Life:GroupTermLife                24.32 USD
  Expenses:Health:Dental:Insurance                   2.90 USD
  Expenses:Health:Medical:Insurance                 27.38 USD
  Expenses:Health:Vision:Insurance                  42.30 USD
  Expenses:Taxes:Y2022:US:Medicare                 106.62 USD
  Expenses:Taxes:Y2022:US:Federal                 1062.92 USD
  Expenses:Taxes:Y2022:US:State                    365.08 USD
  Expenses:Taxes:Y2022:US:CityNYC                  174.92 USD
  Expenses:Taxes:Y2022:US:SDI                        1.12 USD
  Expenses:Taxes:Y2022:US:SocSec                   281.54 USD
  Assets:US:Federal:PreTax401k                   -1200.00 IRAUSD
  Expenses:Taxes:Y2022:US:Federal:PreTax401k      1200.00 IRAUSD
  Assets:US:BayBook:Vacation                            5 VACHR
  Income:US:BayBook:Vacation                           -5 VACHR

2022-03-17 * "BayBook" "Payroll"
  Assets:US:BofA:Checking                         1350.60 USD
  Assets:US:Vanguard:Cash                         1200.00 USD
  Income:US:BayBook:Salary                       -4615.38 USD
  Income:US:BayBook:GroupTermLife                  -24.32 USD
  Expenses:Health:Life:GroupTermLife                24.32 USD
  Expenses:Health:Dental:Insurance                   2.90 USD
  Expenses:Health:Medical:Insurance                 27.38 USD
  Expenses:Health:Vision:Insurance                  42.30 USD
  Expenses:Taxes:Y2022:US:Medicare                 106.62 USD
  Expenses:Taxes:Y2022:US:Federal                 1062.92 USD
  Expenses:Taxes:Y2022:US:State                    365.08 USD
  Expenses:Taxes:Y2022:US:CityNYC                  174.92 USD
  Expenses:Taxes:Y2022:US:SDI                        1.12 USD
  Expenses:Taxes:Y2022:US:SocSec                   281.54 USD
  Assets:US:Federal:PreTax401k                   -1200.00 IRAUSD
  Expenses:Taxes:Y2022:US:Federal:PreTax401k      1200.00 IRAUSD
  Assets:US:BayBook:Vacation                            5 VACHR
  Income:US:BayBook:Vacation                           -5 VACHR

2022-03-31 * "BayBook" "Payroll"
  Assets:US:BofA:Checking                         1350.60 USD
  Assets:US:Vanguard:Cash                         1200.00 USD
  Income:US:BayBook:Salary                       -4615.38 USD
  Income:US:BayBook:GroupTermLife                  -24.32 USD
  Expenses:Health:Life:GroupTermLife                24.32 USD
  Expenses:Health:Dental:Insurance                   2.90 USD
  Expenses:Health:Medical:Insurance                 27.38 USD
  Expenses:Health:Vision:Insurance                  42.30 USD
  Expenses:Taxes:Y2022:US:Medicare                 106.62 USD
  Expenses:Taxes:Y2022:US:Federal                 1062.92 USD
  Expenses:Taxes:Y2022:US:State                    365.08 USD
  Expenses:Taxes:Y2022:US:CityNYC                  174.92 USD
  Expenses:Taxes:Y2022:US:SDI                        1.12 USD
  Expenses:Taxes:Y2022:US:SocSec                   281.54 USD
  Assets:US:Federal:PreTax401k                   -1200.00 IRAUSD
  Expenses:Taxes:Y2022:US:Federal:PreTax401k      1200.00 IRAUSD
  Assets:US:BayBook:Vacation                            5 VACHR
  Income:US:BayBook:Vacation                           -5 VACHR

2022-04-14 * "BayBook" "Payroll"
  Assets:US:BofA:Checking                         1350.60 USD
  Assets:US:Vanguard:Cash                         1200.00 USD
  Income:US:BayBook:Salary                       -4615.38 USD
  Income:US:BayBook:GroupTermLife                  -24.32 USD
  Expenses:Health:Life:GroupTermLife                24.32 USD
  Expenses:Health:Dental:Insurance                   2.90 USD
  Expenses:Health:Medical:Insurance                 27.38 USD
  Expenses:Health:Vision:Insurance                  42.30 USD
  Expenses:Taxes:Y2022:US:Medicare                 106.62 USD
  Expenses:Taxes:Y2022:US:Federal                 1062.92 USD
  Expenses:Taxes:Y2022:US:State                    365.08 USD
  Expenses:Taxes:Y2022:US:CityNYC                  174.92 USD
  Expenses:Taxes:Y2022:US:SDI                        1.12 USD
  Expenses:Taxes:Y2022:US:SocSec                   281.54 USD
  Assets:US:Federal:PreTax401k                   -1200.00 IRAUSD
  Expenses:Taxes:Y2022:US:Federal:PreTax401k      1200.00 IRAUSD
  Assets:US:BayBook:Vacation                            5 VACHR
  Income:US:BayBook:Vacation                           -5 VACHR

2022-04-28 * "BayBook" "Payroll"
  Assets:US:BofA:Checking                         1350.60 USD
  Assets:US:Vanguard:Cash                         1200.00 USD
  Income:US:BayBook:Salary                       -4615.38 USD
  Income:US:BayBook:GroupTermLife                  -24.32 USD
  Expenses:Health:Life:GroupTermLife                24.32 USD
  Expenses:Health:Dental:Insurance                   2.90 USD
  Expenses:Health:Medical:Insurance                 27.38 USD
  Expenses:Health:Vision:Insurance                  42.30 USD
  Expenses:Taxes:Y2022:US:Medicare                 106.62 USD
  Expenses:Taxes:Y2022:US:Federal                 1062.92 USD
  Expenses:Taxes:Y2022:US:State                    365.08 USD
  Expenses:Taxes:Y2022:US:CityNYC                  174.92 USD
  Expenses:Taxes:Y2022:US:SDI                        1.12 USD
  Expenses:Taxes:Y2022:US:SocSec                   281.54 USD
  Assets:US:Federal:PreTax401k                   -1200.00 IRAUSD
  Expenses:Taxes:Y2022:US:Federal:PreTax401k      1200.00 IRAUSD
  Assets:US:BayBook:Vacation                            5 VACHR
  Income:US:BayBook:Vacation                           -5 VACHR

2022-05-12 * "BayBook" "Payroll"
  Assets:US:BofA:Checking                         1350.60 USD
  Assets:US:Vanguard:Cash                         1200.00 USD
  Income:US:BayBook:Salary                       -4615.38 USD
  Income:US:BayBook:GroupTermLife                  -24.32 USD
  Expenses:Health:Life:GroupTermLife                24.32 USD
  Expenses:Health:Dental:Insurance                   2.90 USD
  Expenses:Health:Medical:Insurance                 27.38 USD
  Expenses:Health:Vision:Insurance                  42.30 USD
  Expenses:Taxes:Y2022:US:Medicare                 106.62 USD
  Expenses:Taxes:Y2022:US:Federal                 1062.92 USD
  Expenses:Taxes:Y2022:US:State                    365.08 USD
  Expenses:Taxes:Y2022:US:CityNYC                  174.92 USD
  Expenses:Taxes:Y2022:US:SDI                        1.12 USD
  Expenses:Taxes:Y2022:US:SocSec                   281.54 USD
  Assets:US:Federal:PreTax401k                   -1200.00 IRAUSD
  Expenses:Taxes:Y2022:US:Federal:PreTax401k      1200.00 IRAUSD
  Assets:US:BayBook:Vacation                            5 VACHR
  Income:US:BayBook:Vacation                           -5 VACHR

2022-05-26 * "BayBook" "Payroll"
  Assets:US:BofA:Checking                         1350.60 USD
  Assets:US:Vanguard:Cash                         1200.00 USD
  Income:US:BayBook:Salary                       -4615.38 USD
  Income:US:BayBook:GroupTermLife                  -24.32 USD
  Expenses:Health:Life:GroupTermLife                24.32 USD
  Expenses:Health:Dental:Insurance                   2.90 USD
  Expenses:Health:Medical:Insurance                 27.38 USD
  Expenses:Health:Vision:Insurance                  42.30 USD
  Expenses:Taxes:Y2022:US:Medicare                 106.62 USD
  Expenses:Taxes:Y2022:US:Federal                 1062.92 USD
  Expenses:Taxes:Y2022:US:State                    365.08 USD
  Expenses:Taxes:Y2022:US:CityNYC                  174.92 USD
  Expenses:Taxes:Y2022:US:SDI                        1.12 USD
  Expenses:Taxes:Y2022:US:SocSec                   281.54 USD
  Assets:US:Federal:PreTax401k                   -1200.00 IRAUSD
  Expenses:Taxes:Y2022:US:Federal:PreTax401k      1200.00 IRAUSD
  Assets:US:BayBook:Vacation                            5 VACHR
  Income:US:BayBook:Vacation                           -5 VACHR

2022-06-09 * "BayBook" "Payroll"
  Assets:US:BofA:Checking                         1350.60 USD
  Assets:US:Vanguard:Cash                         1200.00 USD
  Income:US:BayBook:Salary                       -4615.38 USD
  Income:US:BayBook:GroupTermLife                  -24.32 USD
  Expenses:Health:Life:GroupTermLife                24.32 USD
  Expenses:Health:Dental:Insurance                   2.90 USD
  Expenses:Health:Medical:Insurance                 27.38 USD
  Expenses:Health:Vision:Insurance                  42.30 USD
  Expenses:Taxes:Y2022:US:Medicare                 106.62 USD
  Expenses:Taxes:Y2022:US:Federal                 1062.92 USD
  Expenses:Taxes:Y2022:US:State                    365.08 USD
  Expenses:Taxes:Y2022:US:CityNYC                  174.92 USD
  Expenses:Taxes:Y2022:US:SDI                        1.12 USD
  Expenses:Taxes:Y2022:US:SocSec                   281.54 USD
  Assets:US:Federal:PreTax401k                   -1200.00 IRAUSD
  Expenses:Taxes:Y2022:US:Federal:PreTax401k      1200.00 IRAUSD
  Assets:US:BayBook:Vacation                            5 VACHR
  Income:US:BayBook:Vacation                           -5 VACHR

2022-06-23 * "BayBook" "Payroll"
  Assets:US:BofA:Checking                         1350.60 USD
  Assets:US:Vanguard:Cash                         1200.00 USD
  Income:US:BayBook:Salary                       -4615.38 USD
  Income:US:BayBook:GroupTermLife                  -24.32 USD
  Expenses:Health:Life:GroupTermLife                24.32 USD
  Expenses:Health:Dental:Insurance                   2.90 USD
  Expenses:Health:Medical:Insurance                 27.38 USD
  Expenses:Health:Vision:Insurance                  42.30 USD
  Expenses:Taxes:Y2022:US:Medicare                 106.62 USD
  Expenses:Taxes:Y2022:US:Federal                 1062.92 USD
  Expenses:Taxes:Y2022:US:State                    365.08 USD
  Expenses:Taxes:Y2022:US:CityNYC                  174.92 USD
  Expenses:Taxes:Y2022:US:SDI                        1.12 USD
  Expenses:Taxes:Y2022:US:SocSec                   281.54 USD
  Assets:US:Federal:PreTax401k                   -1200.00 IRAUSD
  Expenses:Taxes:Y2022:US:Federal:PreTax401k      1200.00 IRAUSD
  Assets:US:BayBook:Vacation                            5 VACHR
  Income:US:BayBook:Vacation                           -5 VACHR

2022-07-07 * "BayBook" "Payroll"
  Assets:US:BofA:Checking                         1350.60 USD
  Assets:US:Vanguard:Cash                         1200.00 USD
  Income:US:BayBook:Salary                       -4615.38 USD
  Income:US:BayBook:GroupTermLife                  -24.32 USD
  Expenses:Health:Life:GroupTermLife                24.32 USD
  Expenses:Health:Dental:Insurance                   2.90 USD
  Expenses:Health:Medical:Insurance                 27.38 USD
  Expenses:Health:Vision:Insurance                  42.30 USD
  Expenses:Taxes:Y2022:US:Medicare                 106.62 USD
  Expenses:Taxes:Y2022:US:Federal                 1062.92 USD
  Expenses:Taxes:Y2022:US:State                    365.08 USD
  Expenses:Taxes:Y2022:US:CityNYC                  174.92 USD
  Expenses:Taxes:Y2022:US:SDI                        1.12 USD
  Expenses:Taxes:Y2022:US:SocSec                   281.54 USD
  Assets:US:Federal:PreTax401k                   -1200.00 IRAUSD
  Expenses:Taxes:Y2022:US:Federal:PreTax401k      1200.00 IRAUSD
  Assets:US:BayBook:Vacation                            5 VACHR
  Income:US:BayBook:Vacation                           -5 VACHR

2022-07-21 * "BayBook" "Payroll"
  Assets:US:BofA:Checking                         1350.60 USD
  Assets:US:Vanguard:Cash                         1200.00 USD
  Income:US:BayBook:Salary                       -4615.38 USD
  Income:US:BayBook:GroupTermLife                  -24.32 USD
  Expenses:Health:Life:GroupTermLife                24.32 USD
  Expenses:Health:Dental:Insurance                   2.90 USD
  Expenses:Health:Medical:Insurance                 27.38 USD
  Expenses:Health:Vision:Insurance                  42.30 USD
  Expenses:Taxes:Y2022:US:Medicare                 106.62 USD
  Expenses:Taxes:Y2022:US:Federal                 1062.92 USD
  Expenses:Taxes:Y2022:US:State                    365.08 USD
  Expenses:Taxes:Y2022:US:CityNYC                  174.92 USD
  Expenses:Taxes:Y2022:US:SDI                        1.12 USD
  Expenses:Taxes:Y2022:US:SocSec                   281.54 USD
  Assets:US:Federal:PreTax401k                   -1200.00 IRAUSD
  Expenses:Taxes:Y2022:US:Federal:PreTax401k      1200.00 IRAUSD
  Assets:US:BayBook:Vacation                            5 VACHR
  Income:US:BayBook:Vacation                           -5 VACHR

2022-08-04 * "BayBook" "Payroll"
  Assets:US:BofA:Checking                         2050.60 USD
  Assets:US:Vanguard:Cash                          500.00 USD
  Income:US:BayBook:Salary                       -4615.38 USD
  Income:US:BayBook:GroupTermLife                  -24.32 USD
  Expenses:Health:Life:GroupTermLife                24.32 USD
  Expenses:Health:Dental:Insurance                   2.90 USD
  Expenses:Health:Medical:Insurance                 27.38 USD
  Expenses:Health:Vision:Insurance                  42.30 USD
  Expenses:Taxes:Y2022:US:Medicare                 106.62 USD
  Expenses:Taxes:Y2022:US:Federal                 1062.92 USD
  Expenses:Taxes:Y2022:US:State                    365.08 USD
  Expenses:Taxes:Y2022:US:CityNYC                  174.92 USD
  Expenses:Taxes:Y2022:US:SDI                        1.12 USD
  Expenses:Taxes:Y2022:US:SocSec                   281.54 USD
  Assets:US:Federal:PreTax401k                    -500.00 IRAUSD
  Expenses:Taxes:Y2022:US:Federal:PreTax401k       500.00 IRAUSD
  Assets:US:BayBook:Vacation                            5 VACHR
  Income:US:BayBook:Vacation                           -5 VACHR

2022-08-18 * "BayBook" "Payroll"
  Assets:US:BofA:Checking                         2550.60 USD
  Income:US:BayBook:Salary                       -4615.38 USD
  Income:US:BayBook:GroupTermLife                  -24.32 USD
  Expenses:Health:Life:GroupTermLife                24.32 USD
  Expenses:Health:Dental:Insurance                   2.90 USD
  Expenses:Health:Medical:Insurance                 27.38 USD
  Expenses:Health:Vision:Insurance                  42.30 USD
  Expenses:Taxes:Y2022:US:Medicare                 106.62 USD
  Expenses:Taxes:Y2022:US:Federal                 1062.92 USD
  Expenses:Taxes:Y2022:US:State                    365.08 USD
  Expenses:Taxes:Y2022:US:CityNYC                  174.92 USD
  Expenses:Taxes:Y2022:US:SDI                        1.12 USD
  Expenses:Taxes:Y2022:US:SocSec                   281.54 USD
  Assets:US:Federal:PreTax401k                       0.00 IRAUSD
  Assets:US:BayBook:Vacation                            5 VACHR
  Income:US:BayBook:Vacation                           -5 VACHR

2022-09-01 * "BayBook" "Payroll"
  Assets:US:BofA:Checking                         2550.60 USD
  Income:US:BayBook:Salary                       -4615.38 USD
  Income:US:BayBook:GroupTermLife                  -24.32 USD
  Expenses:Health:Life:GroupTermLife                24.32 USD
  Expenses:Health:Dental:Insurance                   2.90 USD
  Expenses:Health:Medical:Insurance                 27.38 USD
  Expenses:Health:Vision:Insurance                  42.30 USD
  Expenses:Taxes:Y2022:US:Medicare                 106.62 USD
  Expenses:Taxes:Y2022:US:Federal                 1062.92 USD
  Expenses:Taxes:Y2022:US:State                    365.08 USD
  Expenses:Taxes:Y2022:US:CityNYC                  174.92 USD
  Expenses:Taxes:Y2022:US:SDI                        1.12 USD
  Expenses:Taxes:Y2022:US:SocSec                   281.54 USD
  Assets:US:Federal:PreTax401k                       0.00 IRAUSD
  Assets:US:BayBook:Vacation                            5 VACHR
  Income:US:BayBook:Vacation                           -5 VACHR

2022-09-15 * "BayBook" "Payroll"
  Assets:US:BofA:Checking                         2550.60 USD
  Income:US:BayBook:Salary                       -4615.38 USD
  Income:US:BayBook:GroupTermLife                  -24.32 USD
  Expenses:Health:Life:GroupTermLife                24.32 USD
  Expenses:Health:Dental:Insurance                   2.90 USD
  Expenses:Health:Medical:Insurance                 27.38 USD
  Expenses:Health:Vision:Insurance                  42.30 USD
  Expenses:Taxes:Y2022:US:Medicare                 106.62 USD
  Expenses:Taxes:Y2022:US:Federal                 1062.92 USD
  Expenses:Taxes:Y2022:US:State                    365.08 USD
  Expenses:Taxes:Y2022:US:CityNYC                  174.92 USD
  Expenses:Taxes:Y2022:US:SDI                        1.12 USD
  Expenses:Taxes:Y2022:US:SocSec                   281.54 USD
  Assets:US:Federal:PreTax401k                       0.00 IRAUSD
  Assets:US:BayBook:Vacation                            5 VACHR
  Income:US:BayBook:Vacation                           -5 VACHR

2022-09-29 * "BayBook" "Payroll"
  Assets:US:BofA:Checking                         2550.60 USD
  Income:US:BayBook:Salary                       -4615.38 USD
  Income:US:BayBook:GroupTermLife                  -24.32 USD
  Expenses:Health:Life:GroupTermLife                24.32 USD
  Expenses:Health:Dental:Insurance                   2.90 USD
  Expenses:Health:Medical:Insurance                 27.38 USD
  Expenses:Health:Vision:Insurance                  42.30 USD
  Expenses:Taxes:Y2022:US:Medicare                 106.62 USD
  Expenses:Taxes:Y2022:US:Federal                 1062.92 USD
  Expenses:Taxes:Y2022:US:State                    365.08 USD
  Expenses:Taxes:Y2022:US:CityNYC                  174.92 USD
  Expenses:Taxes:Y2022:US:SDI                        1.12 USD
  Expenses:Taxes:Y2022:US:SocSec                   281.54 USD
  Assets:US:Federal:PreTax401k                       0.00 IRAUSD
  Assets:US:BayBook:Vacation                            5 VACHR
  Income:US:BayBook:Vacation                           -5 VACHR

2022-10-13 * "BayBook" "Payroll"
  Assets:US:BofA:Checking                         2550.60 USD
  Income:US:BayBook:Salary                       -4615.38 USD
  Income:US:BayBook:GroupTermLife                  -24.32 USD
  Expenses:Health:Life:GroupTermLife                24.32 USD
  Expenses:Health:Dental:Insurance                   2.90 USD
  Expenses:Health:Medical:Insurance                 27.38 USD
  Expenses:Health:Vision:Insurance                  42.30 USD
  Expenses:Taxes:Y2022:US:Medicare                 106.62 USD
  Expenses:Taxes:Y2022:US:Federal                 1062.92 USD
  Expenses:Taxes:Y2022:US:State                    365.08 USD
  Expenses:Taxes:Y2022:US:CityNYC                  174.92 USD
  Expenses:Taxes:Y2022:US:SDI                        1.12 USD
  Expenses:Taxes:Y2022:US:SocSec                   281.54 USD
  Assets:US:Federal:PreTax401k                       0.00 IRAUSD
  Assets:US:BayBook:Vacation                            5 VACHR
  Income:US:BayBook:Vacation                           -5 VACHR

2022-10-27 * "BayBook" "Payroll"
  Assets:US:BofA:Checking                         2550.60 USD
  Income:US:BayBook:Salary                       -4615.38 USD
  Income:US:BayBook:GroupTermLife                  -24.32 USD
  Expenses:Health:Life:GroupTermLife                24.32 USD
  Expenses:Health:Dental:Insurance                   2.90 USD
  Expenses:Health:Medical:Insurance                 27.38 USD
  Expenses:Health:Vision:Insurance                  42.30 USD
  Expenses:Taxes:Y2022:US:Medicare                 106.62 USD
  Expenses:Taxes:Y2022:US:Federal                 1062.92 USD
  Expenses:Taxes:Y2022:US:State                    365.08 USD
  Expenses:Taxes:Y2022:US:CityNYC                  174.92 USD
  Expenses:Taxes:Y2022:US:SDI                        1.12 USD
  Expenses:Taxes:Y2022:US:SocSec                   281.54 USD
  Assets:US:Federal:PreTax401k                       0.00 IRAUSD
  Assets:US:BayBook:Vacation                            5 VACHR
  Income:US:BayBook:Vacation                           -5 VACHR

2022-11-10 * "BayBook" "Payroll"
  Assets:US:BofA:Checking                         2550.60 USD
  Income:US:BayBook:Salary                       -4615.38 USD
  Income:US:BayBook:GroupTermLife                  -24.32 USD
  Expenses:Health:Life:GroupTermLife                24.32 USD
  Expenses:Health:Dental:Insurance                   2.90 USD
  Expenses:Health:Medical:Insurance                 27.38 USD
  Expenses:Health:Vision:Insurance                  42.30 USD
  Expenses:Taxes:Y2022:US:Medicare                 106.62 USD
  Expenses:Taxes:Y2022:US:Federal                 1062.92 USD
  Expenses:Taxes:Y2022:US:State                    365.08 USD
  Expenses:Taxes:Y2022:US:CityNYC                  174.92 USD
  Expenses:Taxes:Y2022:US:SDI                        1.12 USD
  Expenses:Taxes:Y2022:US:SocSec                   281.54 USD
  Assets:US:Federal:PreTax401k                       0.00 IRAUSD
  Assets:US:BayBook:Vacation                            5 VACHR
  Income:US:BayBook:Vacation                           -5 VACHR

2022-11-24 * "BayBook" "Payroll"
  Assets:US:BofA:Checking                         2550.60 USD
  Income:US:BayBook:Salary                       -4615.38 USD
  Income:US:BayBook:GroupTermLife                  -24.32 USD
  Expenses:Health:Life:GroupTermLife                24.32 USD
  Expenses:Health:Dental:Insurance                   2.90 USD
  Expenses:Health:Medical:Insurance                 27.38 USD
  Expenses:Health:Vision:Insurance                  42.30 USD
  Expenses:Taxes:Y2022:US:Medicare                 106.62 USD
  Expenses:Taxes:Y2022:US:Federal                 1062.92 USD
  Expenses:Taxes:Y2022:US:State                    365.08 USD
  Expenses:Taxes:Y2022:US:CityNYC                  174.92 USD
  Expenses:Taxes:Y2022:US:SDI                        1.12 USD
  Expenses:Taxes:Y2022:US:SocSec                   281.54 USD
  Assets:US:Federal:PreTax401k                       0.00 IRAUSD
  Assets:US:BayBook:Vacation                            5 VACHR
  Income:US:BayBook:Vacation                           -5 VACHR

2022-12-08 * "BayBook" "Payroll"
  Assets:US:BofA:Checking                         2589.06 USD
  Income:US:BayBook:Salary                       -4615.38 USD
  Income:US:BayBook:GroupTermLife                  -24.32 USD
  Expenses:Health:Life:GroupTermLife                24.32 USD
  Expenses:Health:Dental:Insurance                   2.90 USD
  Expenses:Health:Medical:Insurance                 27.38 USD
  Expenses:Health:Vision:Insurance                  42.30 USD
  Expenses:Taxes:Y2022:US:Medicare                 106.62 USD
  Expenses:Taxes:Y2022:US:Federal                 1062.92 USD
  Expenses:Taxes:Y2022:US:State                    365.08 USD
  Expenses:Taxes:Y2022:US:CityNYC                  174.92 USD
  Expenses:Taxes:Y2022:US:SDI                        1.12 USD
  Expenses:Taxes:Y2022:US:SocSec                   243.08 USD
  Assets:US:Federal:PreTax401k                       0.00 IRAUSD
  Assets:US:BayBook:Vacation                            5 VACHR
  Income:US:BayBook:Vacation                           -5 VACHR

2022-12-22 * "BayBook" "Payroll"
  Assets:US:BofA:Checking                         2832.14 USD
  Income:US:BayBook:Salary                       -4615.38 USD
  Income:US:BayBook:GroupTermLife                  -24.32 USD
  Expenses:Health:Life:GroupTermLife                24.32 USD
  Expenses:Health:Dental:Insurance                   2.90 USD
  Expenses:Health:Medical:Insurance                 27.38 USD
  Expenses:Health:Vision:Insurance                  42.30 USD
  Expenses:Taxes:Y2022:US:Medicare                 106.62 USD
  Expenses:Taxes:Y2022:US:Federal                 1062.92 USD
  Expenses:Taxes:Y2022:US:State                    365.08 USD
  Expenses:Taxes:Y2022:US:CityNYC                  174.92 USD
  Expenses:Taxes:Y2022:US:SDI                        1.12 USD
  Expenses:Taxes:Y2022:US:SocSec                     0.00 USD
  Assets:US:Federal:PreTax401k                       0.00 IRAUSD
  Assets:US:BayBook:Vacation                            5 VACHR
  Income:US:BayBook:Vacation                           -5 VACHR

2023-01-05 * "BayBook" "Payroll"
  Assets:US:BofA:Checking                         1350.60 USD
  Assets:US:Vanguard:Cash                         1200.00 USD
  Income:US:BayBook:Salary                       -4615.38 USD
  Income:US:BayBook:GroupTermLife                  -24.32 USD
  Expenses:Health:Life:GroupTermLife                24.32 USD
  Expenses:Health:Dental:Insurance                   2.90 USD
  Expenses:Health:Medical:Insurance                 27.38 USD
  Expenses:Health:Vision:Insurance                  42.30 USD
  Expenses:Taxes:Y2023:US:Medicare                 106.62 USD
  Expenses:Taxes:Y2023:US:Federal                 1062.92 USD
  Expenses:Taxes:Y2023:US:State                    365.08 USD
  Expenses:Taxes:Y2023:US:CityNYC                  174.92 USD
  Expenses:Taxes:Y2023:US:SDI                        1.12 USD
  Expenses:Taxes:Y2023:US:SocSec                   281.54 USD
  Assets:US:Federal:PreTax401k                   -1200.00 IRAUSD
  Expenses:Taxes:Y2023:US:Federal:PreTax401k      1200.00 IRAUSD
  Assets:US:BayBook:Vacation                            5 VACHR
  Income:US:BayBook:Vacation                           -5 VACHR

2023-01-19 * "BayBook" "Payroll"
  Assets:US:BofA:Checking                         1350.60 USD
  Assets:US:Vanguard:Cash                         1200.00 USD
  Income:US:BayBook:Salary                       -4615.38 USD
  Income:US:BayBook:GroupTermLife                  -24.32 USD
  Expenses:Health:Life:GroupTermLife                24.32 USD
  Expenses:Health:Dental:Insurance                   2.90 USD
  Expenses:Health:Medical:Insurance                 27.38 USD
  Expenses:Health:Vision:Insurance                  42.30 USD
  Expenses:Taxes:Y2023:US:Medicare                 106.62 USD
  Expenses:Taxes:Y2023:US:Federal                 1062.92 USD
  Expenses:Taxes:Y2023:US:State                    365.08 USD
  Expenses:Taxes:Y2023:US:CityNYC                  174.92 USD
  Expenses:Taxes:Y2023:US:SDI                        1.12 USD
  Expenses:Taxes:Y2023:US:SocSec                   281.54 USD
  Assets:US:Federal:PreTax401k                   -1200.00 IRAUSD
  Expenses:Taxes:Y2023:US:Federal:PreTax401k      1200.00 IRAUSD
  Assets:US:BayBook:Vacation                            5 VACHR
  Income:US:BayBook:Vacation                           -5 VACHR

2023-02-02 * "BayBook" "Payroll"
  Assets:US:BofA:Checking                         1350.60 USD
  Assets:US:Vanguard:Cash                         1200.00 USD
  Income:US:BayBook:Salary                       -4615.38 USD
  Income:US:BayBook:GroupTermLife                  -24.32 USD
  Expenses:Health:Life:GroupTermLife                24.32 USD
  Expenses:Health:Dental:Insurance                   2.90 USD
  Expenses:Health:Medical:Insurance                 27.38 USD
  Expenses:Health:Vision:Insurance                  42.30 USD
  Expenses:Taxes:Y2023:US:Medicare                 106.62 USD
  Expenses:Taxes:Y2023:US:Federal                 1062.92 USD
  Expenses:Taxes:Y2023:US:State                    365.08 USD
  Expenses:Taxes:Y2023:US:CityNYC                  174.92 USD
  Expenses:Taxes:Y2023:US:SDI                        1.12 USD
  Expenses:Taxes:Y2023:US:SocSec                   281.54 USD
  Assets:US:Federal:PreTax401k                   -1200.00 IRAUSD
  Expenses:Taxes:Y2023:US:Federal:PreTax401k      1200.00 IRAUSD
  Assets:US:BayBook:Vacation                            5 VACHR
  Income:US:BayBook:Vacation                           -5 VACHR

2023-02-16 * "BayBook" "Payroll"
  Assets:US:BofA:Checking                         1350.60 USD
  Assets:US:Vanguard:Cash                         1200.00 USD
  Income:US:BayBook:Salary                       -4615.38 USD
  Income:US:BayBook:GroupTermLife                  -24.32 USD
  Expenses:Health:Life:GroupTermLife                24.32 USD
  Expenses:Health:Dental:Insurance                   2.90 USD
  Expenses:Health:Medical:Insurance                 27.38 USD
  Expenses:Health:Vision:Insurance                  42.30 USD
  Expenses:Taxes:Y2023:US:Medicare                 106.62 USD
  Expenses:Taxes:Y2023:US:Federal                 1062.92 USD
  Expenses:Taxes:Y2023:US:State                    365.08 USD
  Expenses:Taxes:Y2023:US:CityNYC                  174.92 USD
  Expenses:Taxes:Y2023:US:SDI                        1.12 USD
  Expenses:Taxes:Y2023:US:SocSec                   281.54 USD
  Assets:US:Federal:PreTax401k                   -1200.00 IRAUSD
  Expenses:Taxes:Y2023:US:Federal:PreTax401k      1200.00 IRAUSD
  Assets:US:BayBook:Vacation                            5 VACHR
  Income:US:BayBook:Vacation                           -5 VACHR

2023-03-02 * "BayBook" "Payroll"
  Assets:US:BofA:Checking                         1350.60 USD
  Assets:US:Vanguard:Cash                         1200.00 USD
  Income:US:BayBook:Salary                       -4615.38 USD
  Income:US:BayBook:GroupTermLife                  -24.32 USD
  Expenses:Health:Life:GroupTermLife                24.32 USD
  Expenses:Health:Dental:Insurance                   2.90 USD
  Expenses:Health:Medical:Insurance                 27.38 USD
  Expenses:Health:Vision:Insurance                  42.30 USD
  Expenses:Taxes:Y2023:US:Medicare                 106.62 USD
  Expenses:Taxes:Y2023:US:Federal                 1062.92 USD
  Expenses:Taxes:Y2023:US:State                    365.08 USD
  Expenses:Taxes:Y2023:US:CityNYC                  174.92 USD
  Expenses:Taxes:Y2023:US:SDI                        1.12 USD
  Expenses:Taxes:Y2023:US:SocSec                   281.54 USD
  Assets:US:Federal:PreTax401k                   -1200.00 IRAUSD
  Expenses:Taxes:Y2023:US:Federal:PreTax401k      1200.00 IRAUSD
  Assets:US:BayBook:Vacation                            5 VACHR
  Income:US:BayBook:Vacation                           -5 VACHR

2023-03-16 * "BayBook" "Payroll"
  Assets:US:BofA:Checking                         1350.60 USD
  Assets:US:Vanguard:Cash                         1200.00 USD
  Income:US:BayBook:Salary                       -4615.38 USD
  Income:US:BayBook:GroupTermLife                  -24.32 USD
  Expenses:Health:Life:GroupTermLife                24.32 USD
  Expenses:Health:Dental:Insurance                   2.90 USD
  Expenses:Health:Medical:Insurance                 27.38 USD
  Expenses:Health:Vision:Insurance                  42.30 USD
  Expenses:Taxes:Y2023:US:Medicare                 106.62 USD
  Expenses:Taxes:Y2023:US:Federal                 1062.92 USD
  Expenses:Taxes:Y2023:US:State                    365.08 USD
  Expenses:Taxes:Y2023:US:CityNYC                  174.92 USD
  Expenses:Taxes:Y2023:US:SDI                        1.12 USD
  Expenses:Taxes:Y2023:US:SocSec                   281.54 USD
  Assets:US:Federal:PreTax401k                   -1200.00 IRAUSD
  Expenses:Taxes:Y2023:US:Federal:PreTax401k      1200.00 IRAUSD
  Assets:US:BayBook:Vacation                            5 VACHR
  Income:US:BayBook:Vacation                           -5 VACHR

2023-03-30 * "BayBook" "Payroll"
  Assets:US:BofA:Checking                         1350.60 USD
  Assets:US:Vanguard:Cash                         1200.00 USD
  Income:US:BayBook:Salary                       -4615.38 USD
  Income:US:BayBook:GroupTermLife                  -24.32 USD
  Expenses:Health:Life:GroupTermLife                24.32 USD
  Expenses:Health:Dental:Insurance                   2.90 USD
  Expenses:Health:Medical:Insurance                 27.38 USD
  Expenses:Health:Vision:Insurance                  42.30 USD
  Expenses:Taxes:Y2023:US:Medicare                 106.62 USD
  Expenses:Taxes:Y2023:US:Federal                 1062.92 USD
  Expenses:Taxes:Y2023:US:State                    365.08 USD
  Expenses:Taxes:Y2023:US:CityNYC                  174.92 USD
  Expenses:Taxes:Y2023:US:SDI                        1.12 USD
  Expenses:Taxes:Y2023:US:SocSec                   281.54 USD
  Assets:US:Federal:PreTax401k                   -1200.00 IRAUSD
  Expenses:Taxes:Y2023:US:Federal:PreTax401k      1200.00 IRAUSD
  Assets:US:BayBook:Vacation                            5 VACHR
  Income:US:BayBook:Vacation                           -5 VACHR

2023-04-13 * "BayBook" "Payroll"
  Assets:US:BofA:Checking                         1350.60 USD
  Assets:US:Vanguard:Cash                         1200.00 USD
  Income:US:BayBook:Salary                       -4615.38 USD
  Income:US:BayBook:GroupTermLife                  -24.32 USD
  Expenses:Health:Life:GroupTermLife                24.32 USD
  Expenses:Health:Dental:Insurance                   2.90 USD
  Expenses:Health:Medical:Insurance                 27.38 USD
  Expenses:Health:Vision:Insurance                  42.30 USD
  Expenses:Taxes:Y2023:US:Medicare                 106.62 USD
  Expenses:Taxes:Y2023:US:Federal                 1062.92 USD
  Expenses:Taxes:Y2023:US:State                    365.08 USD
  Expenses:Taxes:Y2023:US:CityNYC                  174.92 USD
  Expenses:Taxes:Y2023:US:SDI                        1.12 USD
  Expenses:Taxes:Y2023:US:SocSec                   281.54 USD
  Assets:US:Federal:PreTax401k                   -1200.00 IRAUSD
  Expenses:Taxes:Y2023:US:Federal:PreTax401k      1200.00 IRAUSD
  Assets:US:BayBook:Vacation                            5 VACHR
  Income:US:BayBook:Vacation                           -5 VACHR

2023-04-27 * "BayBook" "Payroll"
  Assets:US:BofA:Checking                         1350.60 USD
  Assets:US:Vanguard:Cash                         1200.00 USD
  Income:US:BayBook:Salary                       -4615.38 USD
  Income:US:BayBook:GroupTermLife                  -24.32 USD
  Expenses:Health:Life:GroupTermLife                24.32 USD
  Expenses:Health:Dental:Insurance                   2.90 USD
  Expenses:Health:Medical:Insurance                 27.38 USD
  Expenses:Health:Vision:Insurance                  42.30 USD
  Expenses:Taxes:Y2023:US:Medicare                 106.62 USD
  Expenses:Taxes:Y2023:US:Federal                 1062.92 USD
  Expenses:Taxes:Y2023:US:State                    365.08 USD
  Expenses:Taxes:Y2023:US:CityNYC                  174.92 USD
  Expenses:Taxes:Y2023:US:SDI                        1.12 USD
  Expenses:Taxes:Y2023:US:SocSec                   281.54 USD
  Assets:US:Federal:PreTax401k                   -1200.00 IRAUSD
  Expenses:Taxes:Y2023:US:Federal:PreTax401k      1200.00 IRAUSD
  Assets:US:BayBook:Vacation                            5 VACHR
  Income:US:BayBook:Vacation                           -5 VACHR

2023-05-11 * "BayBook" "Payroll"
  Assets:US:BofA:Checking                         1350.60 USD
  Assets:US:Vanguard:Cash                         1200.00 USD
  Income:US:BayBook:Salary                       -4615.38 USD
  Income:US:BayBook:GroupTermLife                  -24.32 USD
  Expenses:Health:Life:GroupTermLife                24.32 USD
  Expenses:Health:Dental:Insurance                   2.90 USD
  Expenses:Health:Medical:Insurance                 27.38 USD
  Expenses:Health:Vision:Insurance                  42.30 USD
  Expenses:Taxes:Y2023:US:Medicare                 106.62 USD
  Expenses:Taxes:Y2023:US:Federal                 1062.92 USD
  Expenses:Taxes:Y2023:US:State                    365.08 USD
  Expenses:Taxes:Y2023:US:CityNYC                  174.92 USD
  Expenses:Taxes:Y2023:US:SDI                        1.12 USD
  Expenses:Taxes:Y2023:US:SocSec                   281.54 USD
  Assets:US:Federal:PreTax401k                   -1200.00 IRAUSD
  Expenses:Taxes:Y2023:US:Federal:PreTax401k      1200.00 IRAUSD
  Assets:US:BayBook:Vacation                            5 VACHR
  Income:US:BayBook:Vacation                           -5 VACHR

2023-05-25 * "BayBook" "Payroll"
  Assets:US:BofA:Checking                         1350.60 USD
  Assets:US:Vanguard:Cash                         1200.00 USD
  Income:US:BayBook:Salary                       -4615.38 USD
  Income:US:BayBook:GroupTermLife                  -24.32 USD
  Expenses:Health:Life:GroupTermLife                24.32 USD
  Expenses:Health:Dental:Insurance                   2.90 USD
  Expenses:Health:Medical:Insurance                 27.38 USD
  Expenses:Health:Vision:Insurance                  42.30 USD
  Expenses:Taxes:Y2023:US:Medicare                 106.62 USD
  Expenses:Taxes:Y2023:US:Federal                 1062.92 USD
  Expenses:Taxes:Y2023:US:State                    365.08 USD
  Expenses:Taxes:Y2023:US:CityNYC                  174.92 USD
  Expenses:Taxes:Y2023:US:SDI                        1.12 USD
  Expenses:Taxes:Y2023:US:SocSec                   281.54 USD
  Assets:US:Federal:PreTax401k                   -1200.00 IRAUSD
  Expenses:Taxes:Y2023:US:Federal:PreTax401k      1200.00 IRAUSD
  Assets:US:BayBook:Vacation                            5 VACHR
  Income:US:BayBook:Vacation                           -5 VACHR

2023-06-08 * "BayBook" "Payroll"
  Assets:US:BofA:Checking                         1350.60 USD
  Assets:US:Vanguard:Cash                         1200.00 USD
  Income:US:BayBook:Salary                       -4615.38 USD
  Income:US:BayBook:GroupTermLife                  -24.32 USD
  Expenses:Health:Life:GroupTermLife                24.32 USD
  Expenses:Health:Dental:Insurance                   2.90 USD
  Expenses:Health:Medical:Insurance                 27.38 USD
  Expenses:Health:Vision:Insurance                  42.30 USD
  Expenses:Taxes:Y2023:US:Medicare                 106.62 USD
  Expenses:Taxes:Y2023:US:Federal                 1062.92 USD
  Expenses:Taxes:Y2023:US:State                    365.08 USD
  Expenses:Taxes:Y2023:US:CityNYC                  174.92 USD
  Expenses:Taxes:Y2023:US:SDI                        1.12 USD
  Expenses:Taxes:Y2023:US:SocSec                   281.54 USD
  Assets:US:Federal:PreTax401k                   -1200.00 IRAUSD
  Expenses:Taxes:Y2023:US:Federal:PreTax401k      1200.00 IRAUSD
  Assets:US:BayBook:Vacation                            5 VACHR
  Income:US:BayBook:Vacation                           -5 VACHR

2023-06-22 * "BayBook" "Payroll"
  Assets:US:BofA:Checking                         1350.60 USD
  Assets:US:Vanguard:Cash                         1200.00 USD
  Income:US:BayBook:Salary                       -4615.38 USD
  Income:US:BayBook:GroupTermLife                  -24.32 USD
  Expenses:Health:Life:GroupTermLife                24.32 USD
  Expenses:Health:Dental:Insurance                   2.90 USD
  Expenses:Health:Medical:Insurance                 27.38 USD
  Expenses:Health:Vision:Insurance                  42.30 USD
  Expenses:Taxes:Y2023:US:Medicare                 106.62 USD
  Expenses:Taxes:Y2023:US:Federal                 1062.92 USD
  Expenses:Taxes:Y2023:US:State                    365.08 USD
  Expenses:Taxes:Y2023:US:CityNYC                  174.92 USD
  Expenses:Taxes:Y2023:US:SDI                        1.12 USD
  Expenses:Taxes:Y2023:US:SocSec                   281.54 USD
  Assets:US:Federal:PreTax401k                   -1200.00 IRAUSD
  Expenses:Taxes:Y2023:US:Federal:PreTax401k      1200.00 IRAUSD
  Assets:US:BayBook:Vacation                            5 VACHR
  Income:US:BayBook:Vacation                           -5 VACHR

2023-07-06 * "BayBook" "Payroll"
  Assets:US:BofA:Checking                         1350.60 USD
  Assets:US:Vanguard:Cash                         1200.00 USD
  Income:US:BayBook:Salary                       -4615.38 USD
  Income:US:BayBook:GroupTermLife                  -24.32 USD
  Expenses:Health:Life:GroupTermLife                24.32 USD
  Expenses:Health:Dental:Insurance                   2.90 USD
  Expenses:Health:Medical:Insurance                 27.38 USD
  Expenses:Health:Vision:Insurance                  42.30 USD
  Expenses:Taxes:Y2023:US:Medicare                 106.62 USD
  Expenses:Taxes:Y2023:US:Federal                 1062.92 USD
  Expenses:Taxes:Y2023:US:State                    365.08 USD
  Expenses:Taxes:Y2023:US:CityNYC                  174.92 USD
  Expenses:Taxes:Y2023:US:SDI                        1.12 USD
  Expenses:Taxes:Y2023:US:SocSec                   281.54 USD
  Assets:US:Federal:PreTax401k                   -1200.00 IRAUSD
  Expenses:Taxes:Y2023:US:Federal:PreTax401k      1200.00 IRAUSD
  Assets:US:BayBook:Vacation                            5 VACHR
  Income:US:BayBook:Vacation                           -5 VACHR

2023-07-20 * "BayBook" "Payroll"
  Assets:US:BofA:Checking                         1350.60 USD
  Assets:US:Vanguard:Cash                         1200.00 USD
  Income:US:BayBook:Salary                       -4615.38 USD
  Income:US:BayBook:GroupTermLife                  -24.32 USD
  Expenses:Health:Life:GroupTermLife                24.32 USD
  Expenses:Health:Dental:Insurance                   2.90 USD
  Expenses:Health:Medical:Insurance                 27.38 USD
  Expenses:Health:Vision:Insurance                  42.30 USD
  Expenses:Taxes:Y2023:US:Medicare                 106.62 USD
  Expenses:Taxes:Y2023:US:Federal                 1062.92 USD
  Expenses:Taxes:Y2023:US:State                    365.08 USD
  Expenses:Taxes:Y2023:US:CityNYC                  174.92 USD
  Expenses:Taxes:Y2023:US:SDI                        1.12 USD
  Expenses:Taxes:Y2023:US:SocSec                   281.54 USD
  Assets:US:Federal:PreTax401k                   -1200.00 IRAUSD
  Expenses:Taxes:Y2023:US:Federal:PreTax401k      1200.00 IRAUSD
  Assets:US:BayBook:Vacation                            5 VACHR
  Income:US:BayBook:Vacation                           -5 VACHR

2023-08-03 * "BayBook" "Payroll"
  Assets:US:BofA:Checking                         2050.60 USD
  Assets:US:Vanguard:Cash                          500.00 USD
  Income:US:BayBook:Salary                       -4615.38 USD
  Income:US:BayBook:GroupTermLife                  -24.32 USD
  Expenses:Health:Life:GroupTermLife                24.32 USD
  Expenses:Health:Dental:Insurance                   2.90 USD
  Expenses:Health:Medical:Insurance                 27.38 USD
  Expenses:Health:Vision:Insurance                  42.30 USD
  Expenses:Taxes:Y2023:US:Medicare                 106.62 USD
  Expenses:Taxes:Y2023:US:Federal                 1062.92 USD
  Expenses:Taxes:Y2023:US:State                    365.08 USD
  Expenses:Taxes:Y2023:US:CityNYC                  174.92 USD
  Expenses:Taxes:Y2023:US:SDI                        1.12 USD
  Expenses:Taxes:Y2023:US:SocSec                   281.54 USD
  Assets:US:Federal:PreTax401k                    -500.00 IRAUSD
  Expenses:Taxes:Y2023:US:Federal:PreTax401k       500.00 IRAUSD
  Assets:US:BayBook:Vacation                            5 VACHR
  Income:US:BayBook:Vacation                           -5 VACHR

2023-08-17 * "BayBook" "Payroll"
  Assets:US:BofA:Checking                         2550.60 USD
  Income:US:BayBook:Salary                       -4615.38 USD
  Income:US:BayBook:GroupTermLife                  -24.32 USD
  Expenses:Health:Life:GroupTermLife                24.32 USD
  Expenses:Health:Dental:Insurance                   2.90 USD
  Expenses:Health:Medical:Insurance                 27.38 USD
  Expenses:Health:Vision:Insurance                  42.30 USD
  Expenses:Taxes:Y2023:US:Medicare                 106.62 USD
  Expenses:Taxes:Y2023:US:Federal                 1062.92 USD
  Expenses:Taxes:Y2023:US:State                    365.08 USD
  Expenses:Taxes:Y2023:US:CityNYC                  174.92 USD
  Expenses:Taxes:Y2023:US:SDI                        1.12 USD
  Expenses:Taxes:Y2023:US:SocSec                   281.54 USD
  Assets:US:Federal:PreTax401k                       0.00 IRAUSD
  Assets:US:BayBook:Vacation                            5 VACHR
  Income:US:BayBook:Vacation                           -5 VACHR

2023-08-31 * "BayBook" "Payroll"
  Assets:US:BofA:Checking                         2550.60 USD
  Income:US:BayBook:Salary                       -4615.38 USD
  Income:US:BayBook:GroupTermLife                  -24.32 USD
  Expenses:Health:Life:GroupTermLife                24.32 USD
  Expenses:Health:Dental:Insurance                   2.90 USD
  Expenses:Health:Medical:Insurance                 27.38 USD
  Expenses:Health:Vision:Insurance                  42.30 USD
  Expenses:Taxes:Y2023:US:Medicare                 106.62 USD
  Expenses:Taxes:Y2023:US:Federal                 1062.92 USD
  Expenses:Taxes:Y2023:US:State                    365.08 USD
  Expenses:Taxes:Y2023:US:CityNYC                  174.92 USD
  Expenses:Taxes:Y2023:US:SDI                        1.12 USD
  Expenses:Taxes:Y2023:US:SocSec                   281.54 USD
  Assets:US:Federal:PreTax401k                       0.00 IRAUSD
  Assets:US:BayBook:Vacation                            5 VACHR
  Income:US:BayBook:Vacation                           -5 VACHR

2023-09-14 * "BayBook" "Payroll"
  Assets:US:BofA:Checking                         2550.60 USD
  Income:US:BayBook:Salary                       -4615.38 USD
  Income:US:BayBook:GroupTermLife                  -24.32 USD
  Expenses:Health:Life:GroupTermLife                24.32 USD
  Expenses:Health:Dental:Insurance                   2.90 USD
  Expenses:Health:Medical:Insurance                 27.38 USD
  Expenses:Health:Vision:Insurance                  42.30 USD
  Expenses:Taxes:Y2023:US:Medicare                 106.62 USD
  Expenses:Taxes:Y2023:US:Federal                 1062.92 USD
  Expenses:Taxes:Y2023:US:State                    365.08 USD
  Expenses:Taxes:Y2023:US:CityNYC                  174.92 USD
  Expenses:Taxes:Y2023:US:SDI                        1.12 USD
  Expenses:Taxes:Y2023:US:SocSec                   281.54 USD
  Assets:US:Federal:PreTax401k                       0.00 IRAUSD
  Assets:US:BayBook:Vacation                            5 VACHR
  Income:US:BayBook:Vacation                           -5 VACHR

2023-09-28 * "BayBook" "Payroll"
  Assets:US:BofA:Checking                         2550.60 USD
  Income:US:BayBook:Salary                       -4615.38 USD
  Income:US:BayBook:GroupTermLife                  -24.32 USD
  Expenses:Health:Life:GroupTermLife                24.32 USD
  Expenses:Health:Dental:Insurance                   2.90 USD
  Expenses:Health:Medical:Insurance                 27.38 USD
  Expenses:Health:Vision:Insurance                  42.30 USD
  Expenses:Taxes:Y2023:US:Medicare                 106.62 USD
  Expenses:Taxes:Y2023:US:Federal                 1062.92 USD
  Expenses:Taxes:Y2023:US:State                    365.08 USD
  Expenses:Taxes:Y2023:US:CityNYC                  174.92 USD
  Expenses:Taxes:Y2023:US:SDI                        1.12 USD
  Expenses:Taxes:Y2023:US:SocSec                   281.54 USD
  Assets:US:Federal:PreTax401k                       0.00 IRAUSD
  Assets:US:BayBook:Vacation                            5 VACHR
  Income:US:BayBook:Vacation                           -5 VACHR

2023-10-12 * "BayBook" "Payroll"
  Assets:US:BofA:Checking                         2550.60 USD
  Income:US:BayBook:Salary                       -4615.38 USD
  Income:US:BayBook:GroupTermLife                  -24.32 USD
  Expenses:Health:Life:GroupTermLife                24.32 USD
  Expenses:Health:Dental:Insurance                   2.90 USD
  Expenses:Health:Medical:Insurance                 27.38 USD
  Expenses:Health:Vision:Insurance                  42.30 USD
  Expenses:Taxes:Y2023:US:Medicare                 106.62 USD
  Expenses:Taxes:Y2023:US:Federal                 1062.92 USD
  Expenses:Taxes:Y2023:US:State                    365.08 USD
  Expenses:Taxes:Y2023:US:CityNYC                  174.92 USD
  Expenses:Taxes:Y2023:US:SDI                        1.12 USD
  Expenses:Taxes:Y2023:US:SocSec                   281.54 USD
  Assets:US:Federal:PreTax401k                       0.00 IRAUSD
  Assets:US:BayBook:Vacation                            5 VACHR
  Income:US:BayBook:Vacation                           -5 VACHR

2023-10-26 * "BayBook" "Payroll"
  Assets:US:BofA:Checking                         2550.60 USD
  Income:US:BayBook:Salary                       -4615.38 USD
  Income:US:BayBook:GroupTermLife                  -24.32 USD
  Expenses:Health:Life:GroupTermLife                24.32 USD
  Expenses:Health:Dental:Insurance                   2.90 USD
  Expenses:Health:Medical:Insurance                 27.38 USD
  Expenses:Health:Vision:Insurance                  42.30 USD
  Expenses:Taxes:Y2023:US:Medicare                 106.62 USD
  Expenses:Taxes:Y2023:US:Federal                 1062.92 USD
  Expenses:Taxes:Y2023:US:State                    365.08 USD
  Expenses:Taxes:Y2023:US:CityNYC                  174.92 USD
  Expenses:Taxes:Y2023:US:SDI                        1.12 USD
  Expenses:Taxes:Y2023:US:SocSec                   281.54 USD
  Assets:US:Federal:PreTax401k                       0.00 IRAUSD
  Assets:US:BayBook:Vacation                            5 VACHR
  Income:US:BayBook:Vacation                           -5 VACHR

2023-11-09 * "BayBook" "Payroll"
  Assets:US:BofA:Checking                         2550.60 USD
  Income:US:BayBook:Salary                       -4615.38 USD
  Income:US:BayBook:GroupTermLife                  -24.32 USD
  Expenses:Health:Life:GroupTermLife                24.32 USD
  Expenses:Health:Dental:Insurance                   2.90 USD
  Expenses:Health:Medical:Insurance                 27.38 USD
  Expenses:Health:Vision:Insurance                  42.30 USD
  Expenses:Taxes:Y2023:US:Medicare                 106.62 USD
  Expenses:Taxes:Y2023:US:Federal                 1062.92 USD
  Expenses:Taxes:Y2023:US:State                    365.08 USD
  Expenses:Taxes:Y2023:US:CityNYC                  174.92 USD
  Expenses:Taxes:Y2023:US:SDI                        1.12 USD
  Expenses:Taxes:Y2023:US:SocSec                   281.54 USD
  Assets:US:Federal:PreTax401k                       0.00 IRAUSD
  Assets:US:BayBook:Vacation                            5 VACHR
  Income:US:BayBook:Vacation                           -5 VACHR

2023-11-23 * "BayBook" "Payroll"
  Assets:US:BofA:Checking                         2550.60 USD
  Income:US:BayBook:Salary                       -4615.38 USD
  Income:US:BayBook:GroupTermLife                  -24.32 USD
  Expenses:Health:Life:GroupTermLife                24.32 USD
  Expenses:Health:Dental:Insurance                   2.90 USD
  Expenses:Health:Medical:Insurance                 27.38 USD
  Expenses:Health:Vision:Insurance                  42.30 USD
  Expenses:Taxes:Y2023:US:Medicare                 106.62 USD
  Expenses:Taxes:Y2023:US:Federal                 1062.92 USD
  Expenses:Taxes:Y2023:US:State                    365.08 USD
  Expenses:Taxes:Y2023:US:CityNYC                  174.92 USD
  Expenses:Taxes:Y2023:US:SDI                        1.12 USD
  Expenses:Taxes:Y2023:US:SocSec                   281.54 USD
  Assets:US:Federal:PreTax401k                       0.00 IRAUSD
  Assets:US:BayBook:Vacation                            5 VACHR
  Income:US:BayBook:Vacation                           -5 VACHR

2023-12-07 * "BayBook" "Payroll"
  Assets:US:BofA:Checking                         2589.06 USD
  Income:US:BayBook:Salary                       -4615.38 USD
  Income:US:BayBook:GroupTermLife                  -24.32 USD
  Expenses:Health:Life:GroupTermLife                24.32 USD
  Expenses:Health:Dental:Insurance                   2.90 USD
  Expenses:Health:Medical:Insurance                 27.38 USD
  Expenses:Health:Vision:Insurance                  42.30 USD
  Expenses:Taxes:Y2023:US:Medicare                 106.62 USD
  Expenses:Taxes:Y2023:US:Federal                 1062.92 USD
  Expenses:Taxes:Y2023:US:State                    365.08 USD
  Expenses:Taxes:Y2023:US:CityNYC                  174.92 USD
  Expenses:Taxes:Y2023:US:SDI                        1.12 USD
  Expenses:Taxes:Y2023:US:SocSec                   243.08 USD
  Assets:US:Federal:PreTax401k                       0.00 IRAUSD
  Assets:US:BayBook:Vacation                            5 VACHR
  Income:US:BayBook:Vacation                           -5 VACHR

2023-12-21 * "BayBook" "Payroll"
  Assets:US:BofA:Checking                         2832.14 USD
  Income:US:BayBook:Salary                       -4615.38 USD
  Income:US:BayBook:GroupTermLife                  -24.32 USD
  Expenses:Health:Life:GroupTermLife                24.32 USD
  Expenses:Health:Dental:Insurance                   2.90 USD
  Expenses:Health:Medical:Insurance                 27.38 USD
  Expenses:Health:Vision:Insurance                  42.30 USD
  Expenses:Taxes:Y2023:US:Medicare                 106.62 USD
  Expenses:Taxes:Y2023:US:Federal                 1062.92 USD
  Expenses:Taxes:Y2023:US:State                    365.08 USD
  Expenses:Taxes:Y2023:US:CityNYC                  174.92 USD
  Expenses:Taxes:Y2023:US:SDI                        1.12 USD
  Expenses:Taxes:Y2023:US:SocSec                     0.00 USD
  Assets:US:Federal:PreTax401k                       0.00 IRAUSD
  Assets:US:BayBook:Vacation                            5 VACHR
  Income:US:BayBook:Vacation                           -5 VACHR

2024-01-04 * "BayBook" "Payroll"
  Assets:US:BofA:Checking                         1350.60 USD
  Assets:US:Vanguard:Cash                         1200.00 USD
  Income:US:BayBook:Salary                       -4615.38 USD
  Income:US:BayBook:GroupTermLife                  -24.32 USD
  Expenses:Health:Life:GroupTermLife                24.32 USD
  Expenses:Health:Dental:Insurance                   2.90 USD
  Expenses:Health:Medical:Insurance                 27.38 USD
  Expenses:Health:Vision:Insurance                  42.30 USD
  Expenses:Taxes:Y2024:US:Medicare                 106.62 USD
  Expenses:Taxes:Y2024:US:Federal                 1062.92 USD
  Expenses:Taxes:Y2024:US:State                    365.08 USD
  Expenses:Taxes:Y2024:US:CityNYC                  174.92 USD
  Expenses:Taxes:Y2024:US:SDI                        1.12 USD
  Expenses:Taxes:Y2024:US:SocSec                   281.54 USD
  Assets:US:Federal:PreTax401k                   -1200.00 IRAUSD
  Expenses:Taxes:Y2024:US:Federal:PreTax401k      1200.00 IRAUSD
  Assets:US:BayBook:Vacation                            5 VACHR
  Income:US:BayBook:Vacation                           -5 VACHR

2024-01-18 * "BayBook" "Payroll"
  Assets:US:BofA:Checking                         1350.60 USD
  Assets:US:Vanguard:Cash                         1200.00 USD
  Income:US:BayBook:Salary                       -4615.38 USD
  Income:US:BayBook:GroupTermLife                  -24.32 USD
  Expenses:Health:Life:GroupTermLife                24.32 USD
  Expenses:Health:Dental:Insurance                   2.90 USD
  Expenses:Health:Medical:Insurance                 27.38 USD
  Expenses:Health:Vision:Insurance                  42.30 USD
  Expenses:Taxes:Y2024:US:Medicare                 106.62 USD
  Expenses:Taxes:Y2024:US:Federal                 1062.92 USD
  Expenses:Taxes:Y2024:US:State                    365.08 USD
  Expenses:Taxes:Y2024:US:CityNYC                  174.92 USD
  Expenses:Taxes:Y2024:US:SDI                        1.12 USD
  Expenses:Taxes:Y2024:US:SocSec                   281.54 USD
  Assets:US:Federal:PreTax401k                   -1200.00 IRAUSD
  Expenses:Taxes:Y2024:US:Federal:PreTax401k      1200.00 IRAUSD
  Assets:US:BayBook:Vacation                            5 VACHR
  Income:US:BayBook:Vacation                           -5 VACHR

2024-02-01 * "BayBook" "Payroll"
  Assets:US:BofA:Checking                         1350.60 USD
  Assets:US:Vanguard:Cash                         1200.00 USD
  Income:US:BayBook:Salary                       -4615.38 USD
  Income:US:BayBook:GroupTermLife                  -24.32 USD
  Expenses:Health:Life:GroupTermLife                24.32 USD
  Expenses:Health:Dental:Insurance                   2.90 USD
  Expenses:Health:Medical:Insurance                 27.38 USD
  Expenses:Health:Vision:Insurance                  42.30 USD
  Expenses:Taxes:Y2024:US:Medicare                 106.62 USD
  Expenses:Taxes:Y2024:US:Federal                 1062.92 USD
  Expenses:Taxes:Y2024:US:State                    365.08 USD
  Expenses:Taxes:Y2024:US:CityNYC                  174.92 USD
  Expenses:Taxes:Y2024:US:SDI                        1.12 USD
  Expenses:Taxes:Y2024:US:SocSec                   281.54 USD
  Assets:US:Federal:PreTax401k                   -1200.00 IRAUSD
  Expenses:Taxes:Y2024:US:Federal:PreTax401k      1200.00 IRAUSD
  Assets:US:BayBook:Vacation                            5 VACHR
  Income:US:BayBook:Vacation                           -5 VACHR

2024-02-15 * "BayBook" "Payroll"
  Assets:US:BofA:Checking                         1350.60 USD
  Assets:US:Vanguard:Cash                         1200.00 USD
  Income:US:BayBook:Salary                       -4615.38 USD
  Income:US:BayBook:GroupTermLife                  -24.32 USD
  Expenses:Health:Life:GroupTermLife                24.32 USD
  Expenses:Health:Dental:Insurance                   2.90 USD
  Expenses:Health:Medical:Insurance                 27.38 USD
  Expenses:Health:Vision:Insurance                  42.30 USD
  Expenses:Taxes:Y2024:US:Medicare                 106.62 USD
  Expenses:Taxes:Y2024:US:Federal                 1062.92 USD
  Expenses:Taxes:Y2024:US:State                    365.08 USD
  Expenses:Taxes:Y2024:US:CityNYC                  174.92 USD
  Expenses:Taxes:Y2024:US:SDI                        1.12 USD
  Expenses:Taxes:Y2024:US:SocSec                   281.54 USD
  Assets:US:Federal:PreTax401k                   -1200.00 IRAUSD
  Expenses:Taxes:Y2024:US:Federal:PreTax401k      1200.00 IRAUSD
  Assets:US:BayBook:Vacation                            5 VACHR
  Income:US:BayBook:Vacation                           -5 VACHR

2024-02-29 * "BayBook" "Payroll"
  Assets:US:BofA:Checking                         1350.60 USD
  Assets:US:Vanguard:Cash                         1200.00 USD
  Income:US:BayBook:Salary                       -4615.38 USD
  Income:US:BayBook:GroupTermLife                  -24.32 USD
  Expenses:Health:Life:GroupTermLife                24.32 USD
  Expenses:Health:Dental:Insurance                   2.90 USD
  Expenses:Health:Medical:Insurance                 27.38 USD
  Expenses:Health:Vision:Insurance                  42.30 USD
  Expenses:Taxes:Y2024:US:Medicare                 106.62 USD
  Expenses:Taxes:Y2024:US:Federal                 1062.92 USD
  Expenses:Taxes:Y2024:US:State                    365.08 USD
  Expenses:Taxes:Y2024:US:CityNYC                  174.92 USD
  Expenses:Taxes:Y2024:US:SDI                        1.12 USD
  Expenses:Taxes:Y2024:US:SocSec                   281.54 USD
  Assets:US:Federal:PreTax401k                   -1200.00 IRAUSD
  Expenses:Taxes:Y2024:US:Federal:PreTax401k      1200.00 IRAUSD
  Assets:US:BayBook:Vacation                            5 VACHR
  Income:US:BayBook:Vacation                           -5 VACHR

2024-03-14 * "BayBook" "Payroll"
  Assets:US:BofA:Checking                         1350.60 USD
  Assets:US:Vanguard:Cash                         1200.00 USD
  Income:US:BayBook:Salary                       -4615.38 USD
  Income:US:BayBook:GroupTermLife                  -24.32 USD
  Expenses:Health:Life:GroupTermLife                24.32 USD
  Expenses:Health:Dental:Insurance                   2.90 USD
  Expenses:Health:Medical:Insurance                 27.38 USD
  Expenses:Health:Vision:Insurance                  42.30 USD
  Expenses:Taxes:Y2024:US:Medicare                 106.62 USD
  Expenses:Taxes:Y2024:US:Federal                 1062.92 USD
  Expenses:Taxes:Y2024:US:State                    365.08 USD
  Expenses:Taxes:Y2024:US:CityNYC                  174.92 USD
  Expenses:Taxes:Y2024:US:SDI                        1.12 USD
  Expenses:Taxes:Y2024:US:SocSec                   281.54 USD
  Assets:US:Federal:PreTax401k                   -1200.00 IRAUSD
  Expenses:Taxes:Y2024:US:Federal:PreTax401k      1200.00 IRAUSD
  Assets:US:BayBook:Vacation                            5 VACHR
  Income:US:BayBook:Vacation                           -5 VACHR

2024-03-28 * "BayBook" "Payroll"
  Assets:US:BofA:Checking                         1350.60 USD
  Assets:US:Vanguard:Cash                         1200.00 USD
  Income:US:BayBook:Salary                       -4615.38 USD
  Income:US:BayBook:GroupTermLife                  -24.32 USD
  Expenses:Health:Life:GroupTermLife                24.32 USD
  Expenses:Health:Dental:Insurance                   2.90 USD
  Expenses:Health:Medical:Insurance                 27.38 USD
  Expenses:Health:Vision:Insurance                  42.30 USD
  Expenses:Taxes:Y2024:US:Medicare                 106.62 USD
  Expenses:Taxes:Y2024:US:Federal                 1062.92 USD
  Expenses:Taxes:Y2024:US:State                    365.08 USD
  Expenses:Taxes:Y2024:US:CityNYC                  174.92 USD
  Expenses:Taxes:Y2024:US:SDI                        1.12 USD
  Expenses:Taxes:Y2024:US:SocSec                   281.54 USD
  Assets:US:Federal:PreTax401k                   -1200.00 IRAUSD
  Expenses:Taxes:Y2024:US:Federal:PreTax401k      1200.00 IRAUSD
  Assets:US:BayBook:Vacation                            5 VACHR
  Income:US:BayBook:Vacation                           -5 VACHR

2024-04-11 * "BayBook" "Payroll"
  Assets:US:BofA:Checking                         1350.60 USD
  Assets:US:Vanguard:Cash                         1200.00 USD
  Income:US:BayBook:Salary                       -4615.38 USD
  Income:US:BayBook:GroupTermLife                  -24.32 USD
  Expenses:Health:Life:GroupTermLife                24.32 USD
  Expenses:Health:Dental:Insurance                   2.90 USD
  Expenses:Health:Medical:Insurance                 27.38 USD
  Expenses:Health:Vision:Insurance                  42.30 USD
  Expenses:Taxes:Y2024:US:Medicare                 106.62 USD
  Expenses:Taxes:Y2024:US:Federal                 1062.92 USD
  Expenses:Taxes:Y2024:US:State                    365.08 USD
  Expenses:Taxes:Y2024:US:CityNYC                  174.92 USD
  Expenses:Taxes:Y2024:US:SDI                        1.12 USD
  Expenses:Taxes:Y2024:US:SocSec                   281.54 USD
  Assets:US:Federal:PreTax401k                   -1200.00 IRAUSD
  Expenses:Taxes:Y2024:US:Federal:PreTax401k      1200.00 IRAUSD
  Assets:US:BayBook:Vacation                            5 VACHR
  Income:US:BayBook:Vacation                           -5 VACHR

2024-04-25 * "BayBook" "Payroll"
  Assets:US:BofA:Checking                         1350.60 USD
  Assets:US:Vanguard:Cash                         1200.00 USD
  Income:US:BayBook:Salary                       -4615.38 USD
  Income:US:BayBook:GroupTermLife                  -24.32 USD
  Expenses:Health:Life:GroupTermLife                24.32 USD
  Expenses:Health:Dental:Insurance                   2.90 USD
  Expenses:Health:Medical:Insurance                 27.38 USD
  Expenses:Health:Vision:Insurance                  42.30 USD
  Expenses:Taxes:Y2024:US:Medicare                 106.62 USD
  Expenses:Taxes:Y2024:US:Federal                 1062.92 USD
  Expenses:Taxes:Y2024:US:State                    365.08 USD
  Expenses:Taxes:Y2024:US:CityNYC                  174.92 USD
  Expenses:Taxes:Y2024:US:SDI                        1.12 USD
  Expenses:Taxes:Y2024:US:SocSec                   281.54 USD
  Assets:US:Federal:PreTax401k                   -1200.00 IRAUSD
  Expenses:Taxes:Y2024:US:Federal:PreTax401k      1200.00 IRAUSD
  Assets:US:BayBook:Vacation                            5 VACHR
  Income:US:BayBook:Vacation                           -5 VACHR

2024-05-09 * "BayBook" "Payroll"
  Assets:US:BofA:Checking                         1350.60 USD
  Assets:US:Vanguard:Cash                         1200.00 USD
  Income:US:BayBook:Salary                       -4615.38 USD
  Income:US:BayBook:GroupTermLife                  -24.32 USD
  Expenses:Health:Life:GroupTermLife                24.32 USD
  Expenses:Health:Dental:Insurance                   2.90 USD
  Expenses:Health:Medical:Insurance                 27.38 USD
  Expenses:Health:Vision:Insurance                  42.30 USD
  Expenses:Taxes:Y2024:US:Medicare                 106.62 USD
  Expenses:Taxes:Y2024:US:Federal                 1062.92 USD
  Expenses:Taxes:Y2024:US:State                    365.08 USD
  Expenses:Taxes:Y2024:US:CityNYC                  174.92 USD
  Expenses:Taxes:Y2024:US:SDI                        1.12 USD
  Expenses:Taxes:Y2024:US:SocSec                   281.54 USD
  Assets:US:Federal:PreTax401k                   -1200.00 IRAUSD
  Expenses:Taxes:Y2024:US:Federal:PreTax401k      1200.00 IRAUSD
  Assets:US:BayBook:Vacation                            5 VACHR
  Income:US:BayBook:Vacation                           -5 VACHR

2024-05-23 * "BayBook" "Payroll"
  Assets:US:BofA:Checking                         1350.60 USD
  Assets:US:Vanguard:Cash                         1200.00 USD
  Income:US:BayBook:Salary                       -4615.38 USD
  Income:US:BayBook:GroupTermLife                  -24.32 USD
  Expenses:Health:Life:GroupTermLife                24.32 USD
  Expenses:Health:Dental:Insurance                   2.90 USD
  Expenses:Health:Medical:Insurance                 27.38 USD
  Expenses:Health:Vision:Insurance                  42.30 USD
  Expenses:Taxes:Y2024:US:Medicare                 106.62 USD
  Expenses:Taxes:Y2024:US:Federal                 1062.92 USD
  Expenses:Taxes:Y2024:US:State                    365.08 USD
  Expenses:Taxes:Y2024:US:CityNYC                  174.92 USD
  Expenses:Taxes:Y2024:US:SDI                        1.12 USD
  Expenses:Taxes:Y2024:US:SocSec                   281.54 USD
  Assets:US:Federal:PreTax401k                   -1200.00 IRAUSD
  Expenses:Taxes:Y2024:US:Federal:PreTax401k      1200.00 IRAUSD
  Assets:US:BayBook:Vacation                            5 VACHR
  Income:US:BayBook:Vacation                           -5 VACHR

2024-06-06 * "BayBook" "Payroll"
  Assets:US:BofA:Checking                         1350.60 USD
  Assets:US:Vanguard:Cash                         1200.00 USD
  Income:US:BayBook:Salary                       -4615.38 USD
  Income:US:BayBook:GroupTermLife                  -24.32 USD
  Expenses:Health:Life:GroupTermLife                24.32 USD
  Expenses:Health:Dental:Insurance                   2.90 USD
  Expenses:Health:Medical:Insurance                 27.38 USD
  Expenses:Health:Vision:Insurance                  42.30 USD
  Expenses:Taxes:Y2024:US:Medicare                 106.62 USD
  Expenses:Taxes:Y2024:US:Federal                 1062.92 USD
  Expenses:Taxes:Y2024:US:State                    365.08 USD
  Expenses:Taxes:Y2024:US:CityNYC                  174.92 USD
  Expenses:Taxes:Y2024:US:SDI                        1.12 USD
  Expenses:Taxes:Y2024:US:SocSec                   281.54 USD
  Assets:US:Federal:PreTax401k                   -1200.00 IRAUSD
  Expenses:Taxes:Y2024:US:Federal:PreTax401k      1200.00 IRAUSD
  Assets:US:BayBook:Vacation                            5 VACHR
  Income:US:BayBook:Vacation                           -5 VACHR

2024-06-20 * "BayBook" "Payroll"
  Assets:US:BofA:Checking                         1350.60 USD
  Assets:US:Vanguard:Cash                         1200.00 USD
  Income:US:BayBook:Salary                       -4615.38 USD
  Income:US:BayBook:GroupTermLife                  -24.32 USD
  Expenses:Health:Life:GroupTermLife                24.32 USD
  Expenses:Health:Dental:Insurance                   2.90 USD
  Expenses:Health:Medical:Insurance                 27.38 USD
  Expenses:Health:Vision:Insurance                  42.30 USD
  Expenses:Taxes:Y2024:US:Medicare                 106.62 USD
  Expenses:Taxes:Y2024:US:Federal                 1062.92 USD
  Expenses:Taxes:Y2024:US:State                    365.08 USD
  Expenses:Taxes:Y2024:US:CityNYC                  174.92 USD
  Expenses:Taxes:Y2024:US:SDI                        1.12 USD
  Expenses:Taxes:Y2024:US:SocSec                   281.54 USD
  Assets:US:Federal:PreTax401k                   -1200.00 IRAUSD
  Expenses:Taxes:Y2024:US:Federal:PreTax401k      1200.00 IRAUSD
  Assets:US:BayBook:Vacation                            5 VACHR
  Income:US:BayBook:Vacation                           -5 VACHR

2024-07-04 * "BayBook" "Payroll"
  Assets:US:BofA:Checking                         1350.60 USD
  Assets:US:Vanguard:Cash                         1200.00 USD
  Income:US:BayBook:Salary                       -4615.38 USD
  Income:US:BayBook:GroupTermLife                  -24.32 USD
  Expenses:Health:Life:GroupTermLife                24.32 USD
  Expenses:Health:Dental:Insurance                   2.90 USD
  Expenses:Health:Medical:Insurance                 27.38 USD
  Expenses:Health:Vision:Insurance                  42.30 USD
  Expenses:Taxes:Y2024:US:Medicare                 106.62 USD
  Expenses:Taxes:Y2024:US:Federal                 1062.92 USD
  Expenses:Taxes:Y2024:US:State                    365.08 USD
  Expenses:Taxes:Y2024:US:CityNYC                  174.92 USD
  Expenses:Taxes:Y2024:US:SDI                        1.12 USD
  Expenses:Taxes:Y2024:US:SocSec                   281.54 USD
  Assets:US:Federal:PreTax401k                   -1200.00 IRAUSD
  Expenses:Taxes:Y2024:US:Federal:PreTax401k      1200.00 IRAUSD
  Assets:US:BayBook:Vacation                            5 VACHR
  Income:US:BayBook:Vacation                           -5 VACHR

2024-07-18 * "BayBook" "Payroll"
  Assets:US:BofA:Checking                         1350.60 USD
  Assets:US:Vanguard:Cash                         1200.00 USD
  Income:US:BayBook:Salary                       -4615.38 USD
  Income:US:BayBook:GroupTermLife                  -24.32 USD
  Expenses:Health:Life:GroupTermLife                24.32 USD
  Expenses:Health:Dental:Insurance                   2.90 USD
  Expenses:Health:Medical:Insurance                 27.38 USD
  Expenses:Health:Vision:Insurance                  42.30 USD
  Expenses:Taxes:Y2024:US:Medicare                 106.62 USD
  Expenses:Taxes:Y2024:US:Federal                 1062.92 USD
  Expenses:Taxes:Y2024:US:State                    365.08 USD
  Expenses:Taxes:Y2024:US:CityNYC                  174.92 USD
  Expenses:Taxes:Y2024:US:SDI                        1.12 USD
  Expenses:Taxes:Y2024:US:SocSec                   281.54 USD
  Assets:US:Federal:PreTax401k                   -1200.00 IRAUSD
  Expenses:Taxes:Y2024:US:Federal:PreTax401k      1200.00 IRAUSD
  Assets:US:BayBook:Vacation                            5 VACHR
  Income:US:BayBook:Vacation                           -5 VACHR

2024-08-01 * "BayBook" "Payroll"
  Assets:US:BofA:Checking                         2050.60 USD
  Assets:US:Vanguard:Cash                          500.00 USD
  Income:US:BayBook:Salary                       -4615.38 USD
  Income:US:BayBook:GroupTermLife                  -24.32 USD
  Expenses:Health:Life:GroupTermLife                24.32 USD
  Expenses:Health:Dental:Insurance                   2.90 USD
  Expenses:Health:Medical:Insurance                 27.38 USD
  Expenses:Health:Vision:Insurance                  42.30 USD
  Expenses:Taxes:Y2024:US:Medicare                 106.62 USD
  Expenses:Taxes:Y2024:US:Federal                 1062.92 USD
  Expenses:Taxes:Y2024:US:State                    365.08 USD
  Expenses:Taxes:Y2024:US:CityNYC                  174.92 USD
  Expenses:Taxes:Y2024:US:SDI                        1.12 USD
  Expenses:Taxes:Y2024:US:SocSec                   281.54 USD
  Assets:US:Federal:PreTax401k                    -500.00 IRAUSD
  Expenses:Taxes:Y2024:US:Federal:PreTax401k       500.00 IRAUSD
  Assets:US:BayBook:Vacation                            5 VACHR
  Income:US:BayBook:Vacation                           -5 VACHR

2024-08-15 * "BayBook" "Payroll"
  Assets:US:BofA:Checking                         2550.60 USD
  Income:US:BayBook:Salary                       -4615.38 USD
  Income:US:BayBook:GroupTermLife                  -24.32 USD
  Expenses:Health:Life:GroupTermLife                24.32 USD
  Expenses:Health:Dental:Insurance                   2.90 USD
  Expenses:Health:Medical:Insurance                 27.38 USD
  Expenses:Health:Vision:Insurance                  42.30 USD
  Expenses:Taxes:Y2024:US:Medicare                 106.62 USD
  Expenses:Taxes:Y2024:US:Federal                 1062.92 USD
  Expenses:Taxes:Y2024:US:State                    365.08 USD
  Expenses:Taxes:Y2024:US:CityNYC                  174.92 USD
  Expenses:Taxes:Y2024:US:SDI                        1.12 USD
  Expenses:Taxes:Y2024:US:SocSec                   281.54 USD
  Assets:US:Federal:PreTax401k                       0.00 IRAUSD
  Assets:US:BayBook:Vacation                            5 VACHR
  Income:US:BayBook:Vacation                           -5 VACHR

2024-08-29 * "BayBook" "Payroll"
  Assets:US:BofA:Checking                         2550.60 USD
  Income:US:BayBook:Salary                       -4615.38 USD
  Income:US:BayBook:GroupTermLife                  -24.32 USD
  Expenses:Health:Life:GroupTermLife                24.32 USD
  Expenses:Health:Dental:Insurance                   2.90 USD
  Expenses:Health:Medical:Insurance                 27.38 USD
  Expenses:Health:Vision:Insurance                  42.30 USD
  Expenses:Taxes:Y2024:US:Medicare                 106.62 USD
  Expenses:Taxes:Y2024:US:Federal                 1062.92 USD
  Expenses:Taxes:Y2024:US:State                    365.08 USD
  Expenses:Taxes:Y2024:US:CityNYC                  174.92 USD
  Expenses:Taxes:Y2024:US:SDI                        1.12 USD
  Expenses:Taxes:Y2024:US:SocSec                   281.54 USD
  Assets:US:Federal:PreTax401k                       0.00 IRAUSD
  Assets:US:BayBook:Vacation                            5 VACHR
  Income:US:BayBook:Vacation                           -5 VACHR

2024-09-12 * "BayBook" "Payroll"
  Assets:US:BofA:Checking                         2550.60 USD
  Income:US:BayBook:Salary                       -4615.38 USD
  Income:US:BayBook:GroupTermLife                  -24.32 USD
  Expenses:Health:Life:GroupTermLife                24.32 USD
  Expenses:Health:Dental:Insurance                   2.90 USD
  Expenses:Health:Medical:Insurance                 27.38 USD
  Expenses:Health:Vision:Insurance                  42.30 USD
  Expenses:Taxes:Y2024:US:Medicare                 106.62 USD
  Expenses:Taxes:Y2024:US:Federal                 1062.92 USD
  Expenses:Taxes:Y2024:US:State                    365.08 USD
  Expenses:Taxes:Y2024:US:CityNYC                  174.92 USD
  Expenses:Taxes:Y2024:US:SDI                        1.12 USD
  Expenses:Taxes:Y2024:US:SocSec                   281.54 USD
  Assets:US:Federal:PreTax401k                       0.00 IRAUSD
  Assets:US:BayBook:Vacation                            5 VACHR
  Income:US:BayBook:Vacation                           -5 VACHR

2024-09-26 * "BayBook" "Payroll"
  Assets:US:BofA:Checking                         2550.60 USD
  Income:US:BayBook:Salary                       -4615.38 USD
  Income:US:BayBook:GroupTermLife                  -24.32 USD
  Expenses:Health:Life:GroupTermLife                24.32 USD
  Expenses:Health:Dental:Insurance                   2.90 USD
  Expenses:Health:Medical:Insurance                 27.38 USD
  Expenses:Health:Vision:Insurance                  42.30 USD
  Expenses:Taxes:Y2024:US:Medicare                 106.62 USD
  Expenses:Taxes:Y2024:US:Federal                 1062.92 USD
  Expenses:Taxes:Y2024:US:State                    365.08 USD
  Expenses:Taxes:Y2024:US:CityNYC                  174.92 USD
  Expenses:Taxes:Y2024:US:SDI                        1.12 USD
  Expenses:Taxes:Y2024:US:SocSec                   281.54 USD
  Assets:US:Federal:PreTax401k                       0.00 IRAUSD
  Assets:US:BayBook:Vacation                            5 VACHR
  Income:US:BayBook:Vacation                           -5 VACHR



* Taxes

1980-05-12 open Income:US:Federal:PreTax401k                    IRAUSD
1980-05-12 open Assets:US:Federal:PreTax401k                    IRAUSD



** Tax Year 2022

2022-01-01 open Expenses:Taxes:Y2022:US:Federal:PreTax401k      IRAUSD
2022-01-01 open Expenses:Taxes:Y2022:US:Medicare                USD
2022-01-01 open Expenses:Taxes:Y2022:US:Federal                 USD
2022-01-01 open Expenses:Taxes:Y2022:US:CityNYC                 USD
2022-01-01 open Expenses:Taxes:Y2022:US:SDI                     USD
2022-01-01 open Expenses:Taxes:Y2022:US:State                   USD
2022-01-01 open Expenses:Taxes:Y2022:US:SocSec                  USD

2022-01-01 balance Assets:US:Federal:PreTax401k         0 IRAUSD

2022-01-01 * "Allowed contributions for one year"
  Income:US:Federal:PreTax401k                     -18500 IRAUSD
  Assets:US:Federal:PreTax401k                      18500 IRAUSD

2023-03-25 * "Filing taxes for 2022"
  Expenses:Taxes:Y2022:US:Federal                  326.13 USD
  Expenses:Taxes:Y2022:US:State                    291.58 USD
  Liabilities:AccountsPayable                     -617.71 USD

2023-03-28 * "STATE TAX & FINANC PYMT"
  Assets:US:BofA:Checking                         -291.58 USD
  Liabilities:AccountsPayable                      291.58 USD

2023-03-29 * "FEDERAL TAXPYMT"
  Assets:US:BofA:Checking                         -326.13 USD
  Liabilities:AccountsPayable                      326.13 USD



** Tax Year 2023

2023-01-01 open Expenses:Taxes:Y2023:US:Federal:PreTax401k      IRAUSD
2023-01-01 open Expenses:Taxes:Y2023:US:Medicare                USD
2023-01-01 open Expenses:Taxes:Y2023:US:Federal                 USD
2023-01-01 open Expenses:Taxes:Y2023:US:CityNYC                 USD
2023-01-01 open Expenses:Taxes:Y2023:US:SDI                     USD
2023-01-01 open Expenses:Taxes:Y2023:US:State                   USD
2023-01-01 open Expenses:Taxes:Y2023:US:SocSec                  USD

2023-01-01 balance Assets:US:Federal:PreTax401k         0 IRAUSD

2023-01-01 * "Allowed contributions for one year"
  Income:US:Federal:PreTax401k                     -18500 IRAUSD
  Assets:US:Federal:PreTax401k                      18500 IRAUSD

2024-03-23 * "Filing taxes for 2023"
  Expenses:Taxes:Y2023:US:Federal                  405.86 USD
  Expenses:Taxes:Y2023:US:State                    415.99 USD
  Liabilities:AccountsPayable                     -821.85 USD

2024-03-23 * "FEDERAL TAXPYMT"
  Assets:US:BofA:Checking                         -405.86 USD
  Liabilities:AccountsPayable                      405.86 USD

2024-03-25 * "STATE TAX & FINANC PYMT"
  Assets:US:BofA:Checking                         -415.99 USD
  Liabilities:AccountsPayable                      415.99 USD



** Tax Year 2024

2024-01-01 open Expenses:Taxes:Y2024:US:Federal:PreTax401k      IRAUSD
2024-01-01 open Expenses:Taxes:Y2024:US:Medicare                USD
2024-01-01 open Expenses:Taxes:Y2024:US:Federal                 USD
2024-01-01 open Expenses:Taxes:Y2024:US:CityNYC                 USD
2024-01-01 open Expenses:Taxes:Y2024:US:SDI                     USD
2024-01-01 open Expenses:Taxes:Y2024:US:State                   USD
2024-01-01 open Expenses:Taxes:Y2024:US:SocSec                  USD

2024-01-01 balance Assets:US:Federal:PreTax401k         0 IRAUSD

2024-01-01 * "Allowed contributions for one year"
  Income:US:Federal:PreTax401k                     -18500 IRAUSD
  Assets:US:Federal:PreTax401k                      18500 IRAUSD



* Expenses

1980-05-12 open Expenses:Food:Groceries
1980-05-12 open Expenses:Food:Restaurant
1980-05-12 open Expenses:Food:Coffee
1980-05-12 open Expenses:Food:Alcohol
1980-05-12 open Expenses:Transport:Tram
1980-05-12 open Expenses:Home:Rent
1980-05-12 open Expenses:Home:Electricity
1980-05-12 open Expenses:Home:Internet
1980-05-12 open Expenses:Home:Phone
1980-05-12 open Expenses:Financial:Fees
1980-05-12 open Expenses:Financial:Commissions



* Prices

2022-01-07 price VBMPX                             159.40 USD
2022-01-07 price RGAGX                              37.01 USD
2022-01-07 price ITOT                               38.96 USD
2022-01-07 price VEA                                57.78 USD
2022-01-07 price VHT                               192.74 USD
2022-01-07 price GLD                                66.59 USD
2022-01-14 price VBMPX                             160.09 USD
2022-01-14 price RGAGX                              37.43 USD
2022-01-14 price ITOT                               38.48 USD
2022-01-14 price VEA                                56.59 USD
2022-01-14 price VHT                               190.86 USD
2022-01-14 price GLD                                67.57 USD
2022-01-21 price VBMPX                             162.16 USD
2022-01-21 price RGAGX                              37.35 USD
2022-01-21 price ITOT                               37.81 USD
2022-01-21 price VEA                                58.89 USD
2022-01-21 price VHT                               187.65 USD
2022-01-21 price GLD                                65.44 USD
2022-01-28 price VBMPX                             164.49 USD
2022-01-28 price RGAGX                              37.46 USD
2022-01-28 price ITOT                               38.38 USD
2022-01-28 price VEA                                58.24 USD
2022-01-28 price VHT                               187.03 USD
2022-01-28 price GLD                                65.24 USD
2022-02-04 price VBMPX                             163.63 USD
2022-02-04 price RGAGX                              36.98 USD
2022-02-04 price ITOT                               38.29 USD
2022-02-04 price VEA                                58.46 USD
2022-02-04 price VHT                               184.53 USD
2022-02-04 price GLD                                66.99 USD
2022-02-11 price VBMPX                             161.14 USD
2022-02-11 price RGAGX                              36.97 USD
2022-02-11 price ITOT                               38.32 USD
2022-02-11 price VEA                                59.20 USD
2022-02-11 price VHT                               184.38 USD
2022-02-11 price GLD                                67.02 USD
2022-02-18 price VBMPX                             159.74 USD
2022-02-18 price RGAGX                              36.55 USD
2022-02-18 price ITOT                               37.41 USD
2022-02-18 price VEA                                61.72 USD
2022-02-18 price VHT                               184.10 USD
2022-02-18 price GLD                                64.95 USD
2022-02-25 price VBMPX                             157.88 USD
2022-02-25 price RGAGX                              36.61 USD
2022-02-25 price ITOT                               37.77 USD
2022-02-25 price VEA                                63.19 USD
2022-02-25 price VHT                               185.88 USD
2022-02-25 price GLD                                66.74 USD
2022-03-04 price VBMPX                             158.62 USD
2022-03-04 price RGAGX                              37.09 USD
2022-03-04 price ITOT                               37.57 USD
2022-03-04 price VEA                                64.34 USD
2022-03-04 price VHT                               189.44 USD
2022-03-04 price GLD                                67.04 USD
2022-03-11 price VBMPX                             156.64 USD
2022-03-11 price RGAGX                              37.35 USD
2022-03-11 price ITOT                               36.19 USD
2022-03-11 price VEA                                66.10 USD
2022-03-11 price VHT                               193.89 USD
2022-03-11 price GLD                                65.52 USD
2022-03-18 price VBMPX                             156.57 USD
2022-03-18 price RGAGX                              37.83 USD
2022-03-18 price ITOT                               35.44 USD
2022-03-18 price VEA                                65.05 USD
2022-03-18 price VHT                               191.83 USD
2022-03-18 price GLD                                65.07 USD
2022-03-25 price VBMPX                             156.66 USD
2022-03-25 price RGAGX                              37.80 USD
2022-03-25 price ITOT                               33.57 USD
2022-03-25 price VEA                                64.39 USD
2022-03-25 price VHT                               191.28 USD
2022-03-25 price GLD                                64.60 USD
2022-04-01 price VBMPX                             157.71 USD
2022-04-01 price RGAGX                              37.94 USD
2022-04-01 price ITOT                               33.39 USD
2022-04-01 price VEA                                63.08 USD
2022-04-01 price VHT                               192.36 USD
2022-04-01 price GLD                                65.28 USD
2022-04-08 price VBMPX                             157.34 USD
2022-04-08 price RGAGX                              37.57 USD
2022-04-08 price ITOT                               33.51 USD
2022-04-08 price VEA                                62.95 USD
2022-04-08 price VHT                               185.96 USD
2022-04-08 price GLD                                66.30 USD
2022-04-15 price VBMPX                             158.52 USD
2022-04-15 price RGAGX                              37.70 USD
2022-04-15 price ITOT                               33.15 USD
2022-04-15 price VEA                                62.66 USD
2022-04-15 price VHT                               187.69 USD
2022-04-15 price GLD                                64.89 USD
2022-04-22 price VBMPX                             158.45 USD
2022-04-22 price RGAGX                              37.51 USD
2022-04-22 price ITOT                               33.69 USD
2022-04-22 price VEA                                61.71 USD
2022-04-22 price VHT                               190.95 USD
2022-04-22 price GLD                                65.12 USD
2022-04-29 price VBMPX                             157.69 USD
2022-04-29 price RGAGX                              37.42 USD
2022-04-29 price ITOT                               32.60 USD
2022-04-29 price VEA                                62.45 USD
2022-04-29 price VHT                               186.64 USD
2022-04-29 price GLD                                65.94 USD
2022-05-06 price VBMPX                             155.92 USD
2022-05-06 price RGAGX                              37.24 USD
2022-05-06 price ITOT                               33.97 USD
2022-05-06 price VEA                                63.83 USD
2022-05-06 price VHT                               187.42 USD
2022-05-06 price GLD                                65.01 USD
2022-05-13 price VBMPX                             157.24 USD
2022-05-13 price RGAGX                              37.48 USD
2022-05-13 price ITOT                               34.27 USD
2022-05-13 price VEA                                64.37 USD
2022-05-13 price VHT                               192.68 USD
2022-05-13 price GLD                                65.69 USD
2022-05-20 price VBMPX                             157.26 USD
2022-05-20 price RGAGX                              38.10 USD
2022-05-20 price ITOT                               34.96 USD
2022-05-20 price VEA                                64.38 USD
2022-05-20 price VHT                               195.55 USD
2022-05-20 price GLD                                64.63 USD
2022-05-27 price VBMPX                             158.43 USD
2022-05-27 price RGAGX                              37.91 USD
2022-05-27 price ITOT                               35.29 USD
2022-05-27 price VEA                                65.91 USD
2022-05-27 price VHT                               201.51 USD
2022-05-27 price GLD                                64.39 USD
2022-06-03 price VBMPX                             160.19 USD
2022-06-03 price RGAGX                              37.53 USD
2022-06-03 price ITOT                               36.00 USD
2022-06-03 price VEA                                66.34 USD
2022-06-03 price VHT                               200.85 USD
2022-06-03 price GLD                                63.64 USD
2022-06-10 price VBMPX                             160.41 USD
2022-06-10 price RGAGX                              37.79 USD
2022-06-10 price ITOT                               35.69 USD
2022-06-10 price VEA                                65.99 USD
2022-06-10 price VHT                               201.02 USD
2022-06-10 price GLD                                61.84 USD
2022-06-17 price VBMPX                             162.79 USD
2022-06-17 price RGAGX                              37.82 USD
2022-06-17 price ITOT                               36.38 USD
2022-06-17 price VEA                                68.12 USD
2022-06-17 price VHT                               198.88 USD
2022-06-17 price GLD                                61.40 USD
2022-06-24 price VBMPX                             162.48 USD
2022-06-24 price RGAGX                              37.87 USD
2022-06-24 price ITOT                               36.45 USD
2022-06-24 price VEA                                70.17 USD
2022-06-24 price VHT                               198.55 USD
2022-06-24 price GLD                                60.38 USD
2022-07-01 price VBMPX                             160.70 USD
2022-07-01 price RGAGX                              37.45 USD
2022-07-01 price ITOT                               36.15 USD
2022-07-01 price VEA                                69.13 USD
2022-07-01 price VHT                               191.67 USD
2022-07-01 price GLD                                62.18 USD
2022-07-08 price VBMPX                             161.54 USD
2022-07-08 price RGAGX                              37.72 USD
2022-07-08 price ITOT                               36.40 USD
2022-07-08 price VEA                                68.36 USD
2022-07-08 price VHT                               185.96 USD
2022-07-08 price GLD                                63.09 USD
2022-07-15 price VBMPX                             162.78 USD
2022-07-15 price RGAGX                              37.93 USD
2022-07-15 price ITOT                               37.84 USD
2022-07-15 price VEA                                66.90 USD
2022-07-15 price VHT                               184.90 USD
2022-07-15 price GLD                                63.30 USD
2022-07-22 price VBMPX                             161.69 USD
2022-07-22 price RGAGX                              38.25 USD
2022-07-22 price ITOT                               36.36 USD
2022-07-22 price VEA                                66.82 USD
2022-07-22 price VHT                               187.34 USD
2022-07-22 price GLD                                63.92 USD
2022-07-29 price VBMPX                             162.18 USD
2022-07-29 price RGAGX                              38.13 USD
2022-07-29 price ITOT                               36.58 USD
2022-07-29 price VEA                                68.16 USD
2022-07-29 price VHT                               188.70 USD
2022-07-29 price GLD                                64.98 USD
2022-08-05 price VBMPX                             163.19 USD
2022-08-05 price RGAGX                              38.05 USD
2022-08-05 price ITOT                               36.19 USD
2022-08-05 price VEA                                69.40 USD
2022-08-05 price VHT                               186.11 USD
2022-08-05 price GLD                                65.78 USD
2022-08-12 price VBMPX                             161.75 USD
2022-08-12 price RGAGX                              38.22 USD
2022-08-12 price ITOT                               36.30 USD
2022-08-12 price VEA                                69.29 USD
2022-08-12 price VHT                               187.74 USD
2022-08-12 price GLD                                64.56 USD
2022-08-19 price VBMPX                             164.03 USD
2022-08-19 price RGAGX                              38.89 USD
2022-08-19 price ITOT                               36.23 USD
2022-08-19 price VEA                                70.04 USD
2022-08-19 price VHT                               187.68 USD
2022-08-19 price GLD                                64.28 USD
2022-08-26 price VBMPX                             161.63 USD
2022-08-26 price RGAGX                              38.91 USD
2022-08-26 price ITOT                               36.27 USD
2022-08-26 price VEA                                67.71 USD
2022-08-26 price VHT                               180.82 USD
2022-08-26 price GLD                                66.12 USD
2022-09-02 price VBMPX                             160.31 USD
2022-09-02 price RGAGX                              38.98 USD
2022-09-02 price ITOT                               36.48 USD
2022-09-02 price VEA                                67.00 USD
2022-09-02 price VHT                               176.92 USD
2022-09-02 price GLD                                65.50 USD
2022-09-09 price VBMPX                             160.96 USD
2022-09-09 price RGAGX                              39.01 USD
2022-09-09 price ITOT                               35.58 USD
2022-09-09 price VEA                                64.52 USD
2022-09-09 price VHT                               177.71 USD
2022-09-09 price GLD                                64.71 USD
2022-09-16 price VBMPX                             161.49 USD
2022-09-16 price RGAGX                              39.52 USD
2022-09-16 price ITOT                               36.12 USD
2022-09-16 price VEA                                62.54 USD
2022-09-16 price VHT                               176.04 USD
2022-09-16 price GLD                                64.88 USD
2022-09-23 price VBMPX                             166.20 USD
2022-09-23 price RGAGX                              38.92 USD
2022-09-23 price ITOT                               36.82 USD
2022-09-23 price VEA                                65.69 USD
2022-09-23 price VHT                               176.74 USD
2022-09-23 price GLD                                65.33 USD
2022-09-30 price VBMPX                             166.70 USD
2022-09-30 price RGAGX                              39.05 USD
2022-09-30 price ITOT                               37.16 USD
2022-09-30 price VEA                                66.45 USD
2022-09-30 price VHT                               181.16 USD
2022-09-30 price GLD                                64.93 USD
2022-10-07 price VBMPX                             168.09 USD
2022-10-07 price RGAGX                              39.60 USD
2022-10-07 price ITOT                               36.40 USD
2022-10-07 price VEA                                65.14 USD
2022-10-07 price VHT                               184.54 USD
2022-10-07 price GLD                                65.25 USD
2022-10-14 price VBMPX                             167.90 USD
2022-10-14 price RGAGX                              39.47 USD
2022-10-14 price ITOT                               36.28 USD
2022-10-14 price VEA                                66.32 USD
2022-10-14 price VHT                               186.80 USD
2022-10-14 price GLD                                66.34 USD
2022-10-21 price VBMPX                             165.96 USD
2022-10-21 price RGAGX                              38.95 USD
2022-10-21 price ITOT                               37.09 USD
2022-10-21 price VEA                                66.92 USD
2022-10-21 price VHT                               184.13 USD
2022-10-21 price GLD                                65.85 USD
2022-10-28 price VBMPX                             163.98 USD
2022-10-28 price RGAGX                              38.97 USD
2022-10-28 price ITOT                               37.40 USD
2022-10-28 price VEA                                67.69 USD
2022-10-28 price VHT                               183.29 USD
2022-10-28 price GLD                                68.15 USD
2022-11-04 price VBMPX                             163.83 USD
2022-11-04 price RGAGX                              39.36 USD
2022-11-04 price ITOT                               38.53 USD
2022-11-04 price VEA                                67.11 USD
2022-11-04 price VHT                               182.07 USD
2022-11-04 price GLD                                69.14 USD
2022-11-11 price VBMPX                             163.54 USD
2022-11-11 price RGAGX                              39.39 USD
2022-11-11 price ITOT                               38.02 USD
2022-11-11 price VEA                                66.74 USD
2022-11-11 price VHT                               182.58 USD
2022-11-11 price GLD                                68.39 USD
2022-11-18 price VBMPX                             163.11 USD
2022-11-18 price RGAGX                              38.55 USD
2022-11-18 price ITOT                               39.65 USD
2022-11-18 price VEA                                67.88 USD
2022-11-18 price VHT                               186.93 USD
2022-11-18 price GLD                                68.95 USD
2022-11-25 price VBMPX                             165.62 USD
2022-11-25 price RGAGX                              39.00 USD
2022-11-25 price ITOT                               39.35 USD
2022-11-25 price VEA                                65.73 USD
2022-11-25 price VHT                               182.78 USD
2022-11-25 price GLD                                69.12 USD
2022-12-02 price VBMPX                             167.96 USD
2022-12-02 price RGAGX                              39.54 USD
2022-12-02 price ITOT                               38.21 USD
2022-12-02 price VEA                                65.93 USD
2022-12-02 price VHT                               184.37 USD
2022-12-02 price GLD                                69.22 USD
2022-12-09 price VBMPX                             166.45 USD
2022-12-09 price RGAGX                              39.86 USD
2022-12-09 price ITOT                               37.91 USD
2022-12-09 price VEA                                64.53 USD
2022-12-09 price VHT                               185.32 USD
2022-12-09 price GLD                                69.42 USD
2022-12-16 price VBMPX                             163.54 USD
2022-12-16 price RGAGX                              39.71 USD
2022-12-16 price ITOT                               35.64 USD
2022-12-16 price VEA                                62.67 USD
2022-12-16 price VHT                               180.95 USD
2022-12-16 price GLD                                69.33 USD
2022-12-23 price VBMPX                             164.91 USD
2022-12-23 price RGAGX                              39.52 USD
2022-12-23 price ITOT                               35.76 USD
2022-12-23 price VEA                                61.41 USD
2022-12-23 price VHT                               184.81 USD
2022-12-23 price GLD                                70.00 USD
2022-12-30 price VBMPX                             168.78 USD
2022-12-30 price RGAGX                              39.50 USD
2022-12-30 price ITOT                               35.47 USD
2022-12-30 price VEA                                59.51 USD
2022-12-30 price VHT                               187.98 USD
2022-12-30 price GLD                                71.05 USD
2023-01-06 price VBMPX                             167.75 USD
2023-01-06 price RGAGX                              39.97 USD
2023-01-06 price ITOT                               36.70 USD
2023-01-06 price VEA                                59.87 USD
2023-01-06 price VHT                               186.88 USD
2023-01-06 price GLD                                72.54 USD
2023-01-13 price VBMPX                             169.18 USD
2023-01-13 price RGAGX                              40.29 USD
2023-01-13 price ITOT                               36.44 USD
2023-01-13 price VEA                                59.81 USD
2023-01-13 price VHT                               185.78 USD
2023-01-13 price GLD                                72.71 USD
2023-01-20 price VBMPX                             171.67 USD
2023-01-20 price RGAGX                              40.66 USD
2023-01-20 price ITOT                               35.91 USD
2023-01-20 price VEA                                60.07 USD
2023-01-20 price VHT                               184.74 USD
2023-01-20 price GLD                                71.13 USD
2023-01-27 price VBMPX                             174.96 USD
2023-01-27 price RGAGX                              40.64 USD
2023-01-27 price ITOT                               37.24 USD
2023-01-27 price VEA                                61.23 USD
2023-01-27 price VHT                               184.50 USD
2023-01-27 price GLD                                68.61 USD
2023-02-03 price VBMPX                             175.02 USD
2023-02-03 price RGAGX                              40.85 USD
2023-02-03 price ITOT                               37.63 USD
2023-02-03 price VEA                                62.37 USD
2023-02-03 price VHT                               181.60 USD
2023-02-03 price GLD                                67.58 USD
2023-02-10 price VBMPX                             174.52 USD
2023-02-10 price RGAGX                              41.01 USD
2023-02-10 price ITOT                               37.84 USD
2023-02-10 price VEA                                62.00 USD
2023-02-10 price VHT                               180.44 USD
2023-02-10 price GLD                                67.87 USD
2023-02-17 price VBMPX                             173.49 USD
2023-02-17 price RGAGX                              41.20 USD
2023-02-17 price ITOT                               37.43 USD
2023-02-17 price VEA                                61.34 USD
2023-02-17 price VHT                               179.39 USD
2023-02-17 price GLD                                67.85 USD
2023-02-24 price VBMPX                             174.41 USD
2023-02-24 price RGAGX                              41.71 USD
2023-02-24 price ITOT                               38.08 USD
2023-02-24 price VEA                                58.93 USD
2023-02-24 price VHT                               177.15 USD
2023-02-24 price GLD                                68.65 USD
2023-03-03 price VBMPX                             177.78 USD
2023-03-03 price RGAGX                              41.62 USD
2023-03-03 price ITOT                               36.96 USD
2023-03-03 price VEA                                57.25 USD
2023-03-03 price VHT                               176.63 USD
2023-03-03 price GLD                                68.43 USD
2023-03-10 price VBMPX                             175.31 USD
2023-03-10 price RGAGX                              41.71 USD
2023-03-10 price ITOT                               36.49 USD
2023-03-10 price VEA                                57.76 USD
2023-03-10 price VHT                               177.06 USD
2023-03-10 price GLD                                68.02 USD
2023-03-17 price VBMPX                             175.90 USD
2023-03-17 price RGAGX                              41.74 USD
2023-03-17 price ITOT                               36.42 USD
2023-03-17 price VEA                                58.28 USD
2023-03-17 price VHT                               178.45 USD
2023-03-17 price GLD                                67.10 USD
2023-03-24 price VBMPX                             177.05 USD
2023-03-24 price RGAGX                              42.33 USD
2023-03-24 price ITOT                               37.26 USD
2023-03-24 price VEA                                59.56 USD
2023-03-24 price VHT                               175.58 USD
2023-03-24 price GLD                                66.47 USD
2023-03-31 price VBMPX                             180.55 USD
2023-03-31 price RGAGX                              42.10 USD
2023-03-31 price ITOT                               36.08 USD
2023-03-31 price VEA                                59.98 USD
2023-03-31 price VHT                               175.27 USD
2023-03-31 price GLD                                66.62 USD
2023-04-07 price VBMPX                             182.13 USD
2023-04-07 price RGAGX                              42.57 USD
2023-04-07 price ITOT                               35.81 USD
2023-04-07 price VEA                                60.05 USD
2023-04-07 price VHT                               175.74 USD
2023-04-07 price GLD                                67.19 USD
2023-04-14 price VBMPX                             182.22 USD
2023-04-14 price RGAGX                              42.96 USD
2023-04-14 price ITOT                               36.44 USD
2023-04-14 price VEA                                59.78 USD
2023-04-14 price VHT                               177.13 USD
2023-04-14 price GLD                                66.65 USD
2023-04-21 price VBMPX                             186.50 USD
2023-04-21 price RGAGX                              43.72 USD
2023-04-21 price ITOT                               36.82 USD
2023-04-21 price VEA                                59.82 USD
2023-04-21 price VHT                               177.07 USD
2023-04-21 price GLD                                67.21 USD
2023-04-28 price VBMPX                             185.17 USD
2023-04-28 price RGAGX                              43.18 USD
2023-04-28 price ITOT                               36.79 USD
2023-04-28 price VEA                                59.20 USD
2023-04-28 price VHT                               176.30 USD
2023-04-28 price GLD                                68.71 USD
2023-05-05 price VBMPX                             188.11 USD
2023-05-05 price RGAGX                              42.72 USD
2023-05-05 price ITOT                               37.62 USD
2023-05-05 price VEA                                60.22 USD
2023-05-05 price VHT                               178.00 USD
2023-05-05 price GLD                                69.99 USD
2023-05-12 price VBMPX                             190.74 USD
2023-05-12 price RGAGX                              42.71 USD
2023-05-12 price ITOT                               35.37 USD
2023-05-12 price VEA                                60.88 USD
2023-05-12 price VHT                               178.63 USD
2023-05-12 price GLD                                69.80 USD
2023-05-19 price VBMPX                             187.55 USD
2023-05-19 price RGAGX                              42.37 USD
2023-05-19 price ITOT                               36.78 USD
2023-05-19 price VEA                                60.50 USD
2023-05-19 price VHT                               179.01 USD
2023-05-19 price GLD                                68.81 USD
2023-05-26 price VBMPX                             189.02 USD
2023-05-26 price RGAGX                              42.52 USD
2023-05-26 price ITOT                               37.46 USD
2023-05-26 price VEA                                61.67 USD
2023-05-26 price VHT                               182.21 USD
2023-05-26 price GLD                                68.39 USD
2023-06-02 price VBMPX                             192.81 USD
2023-06-02 price RGAGX                              42.55 USD
2023-06-02 price ITOT                               37.84 USD
2023-06-02 price VEA                                63.75 USD
2023-06-02 price VHT                               183.08 USD
2023-06-02 price GLD                                66.93 USD
2023-06-09 price VBMPX                             197.35 USD
2023-06-09 price RGAGX                              42.31 USD
2023-06-09 price ITOT                               38.22 USD
2023-06-09 price VEA                                63.73 USD
2023-06-09 price VHT                               184.33 USD
2023-06-09 price GLD                                66.10 USD
2023-06-16 price VBMPX                             202.39 USD
2023-06-16 price RGAGX                              42.34 USD
2023-06-16 price ITOT                               38.55 USD
2023-06-16 price VEA                                62.37 USD
2023-06-16 price VHT                               186.65 USD
2023-06-16 price GLD                                67.76 USD
2023-06-23 price VBMPX                             206.97 USD
2023-06-23 price RGAGX                              42.47 USD
2023-06-23 price ITOT                               37.48 USD
2023-06-23 price VEA                                61.18 USD
2023-06-23 price VHT                               186.70 USD
2023-06-23 price GLD                                68.04 USD
2023-06-30 price VBMPX                             205.36 USD
2023-06-30 price RGAGX                              43.28 USD
2023-06-30 price ITOT                               36.81 USD
2023-06-30 price VEA                                59.90 USD
2023-06-30 price VHT                               182.49 USD
2023-06-30 price GLD                                67.63 USD
2023-07-07 price VBMPX                             204.83 USD
2023-07-07 price RGAGX                              42.86 USD
2023-07-07 price ITOT                               36.31 USD
2023-07-07 price VEA                                59.29 USD
2023-07-07 price VHT                               184.90 USD
2023-07-07 price GLD                                66.16 USD
2023-07-14 price VBMPX                             207.22 USD
2023-07-14 price RGAGX                              43.15 USD
2023-07-14 price ITOT                               36.62 USD
2023-07-14 price VEA                                60.43 USD
2023-07-14 price VHT                               181.00 USD
2023-07-14 price GLD                                64.88 USD
2023-07-21 price VBMPX                             208.49 USD
2023-07-21 price RGAGX                              43.87 USD
2023-07-21 price ITOT                               36.71 USD
2023-07-21 price VEA                                58.87 USD
2023-07-21 price VHT                               178.46 USD
2023-07-21 price GLD                                65.21 USD
2023-07-28 price VBMPX                             208.57 USD
2023-07-28 price RGAGX                              44.06 USD
2023-07-28 price ITOT                               37.57 USD
2023-07-28 price VEA                                58.59 USD
2023-07-28 price VHT                               179.27 USD
2023-07-28 price GLD                                65.97 USD
2023-08-04 price VBMPX                             204.94 USD
2023-08-04 price RGAGX                              43.71 USD
2023-08-04 price ITOT                               37.72 USD
2023-08-04 price VEA                                58.35 USD
2023-08-04 price VHT                               178.97 USD
2023-08-04 price GLD                                67.01 USD
2023-08-11 price VBMPX                             206.38 USD
2023-08-11 price RGAGX                              43.82 USD
2023-08-11 price ITOT                               37.42 USD
2023-08-11 price VEA                                60.53 USD
2023-08-11 price VHT                               179.56 USD
2023-08-11 price GLD                                69.14 USD
2023-08-18 price VBMPX                             205.16 USD
2023-08-18 price RGAGX                              44.01 USD
2023-08-18 price ITOT                               36.78 USD
2023-08-18 price VEA                                61.26 USD
2023-08-18 price VHT                               184.54 USD
2023-08-18 price GLD                                69.41 USD
2023-08-25 price VBMPX                             204.64 USD
2023-08-25 price RGAGX                              44.20 USD
2023-08-25 price ITOT                               35.60 USD
2023-08-25 price VEA                                60.57 USD
2023-08-25 price VHT                               184.56 USD
2023-08-25 price GLD                                68.47 USD
2023-09-01 price VBMPX                             202.50 USD
2023-09-01 price RGAGX                              44.08 USD
2023-09-01 price ITOT                               35.42 USD
2023-09-01 price VEA                                59.89 USD
2023-09-01 price VHT                               180.88 USD
2023-09-01 price GLD                                68.49 USD
2023-09-08 price VBMPX                             198.18 USD
2023-09-08 price RGAGX                              43.44 USD
2023-09-08 price ITOT                               36.01 USD
2023-09-08 price VEA                                58.68 USD
2023-09-08 price VHT                               180.20 USD
2023-09-08 price GLD                                68.87 USD
2023-09-15 price VBMPX                             197.29 USD
2023-09-15 price RGAGX                              43.39 USD
2023-09-15 price ITOT                               35.24 USD
2023-09-15 price VEA                                56.97 USD
2023-09-15 price VHT                               182.01 USD
2023-09-15 price GLD                                70.43 USD
2023-09-22 price VBMPX                             200.31 USD
2023-09-22 price RGAGX                              42.48 USD
2023-09-22 price ITOT                               35.27 USD
2023-09-22 price VEA                                58.28 USD
2023-09-22 price VHT                               178.51 USD
2023-09-22 price GLD                                70.64 USD
2023-09-29 price VBMPX                             202.27 USD
2023-09-29 price RGAGX                              42.03 USD
2023-09-29 price ITOT                               36.37 USD
2023-09-29 price VEA                                57.97 USD
2023-09-29 price VHT                               180.24 USD
2023-09-29 price GLD                                71.58 USD
2023-10-06 price VBMPX                             203.57 USD
2023-10-06 price RGAGX                              42.47 USD
2023-10-06 price ITOT                               35.77 USD
2023-10-06 price VEA                                57.20 USD
2023-10-06 price VHT                               181.82 USD
2023-10-06 price GLD                                70.26 USD
2023-10-13 price VBMPX                             209.96 USD
2023-10-13 price RGAGX                              42.08 USD
2023-10-13 price ITOT                               35.39 USD
2023-10-13 price VEA                                58.95 USD
2023-10-13 price VHT                               177.40 USD
2023-10-13 price GLD                                71.79 USD
2023-10-20 price VBMPX                             211.14 USD
2023-10-20 price RGAGX                              42.72 USD
2023-10-20 price ITOT                               36.00 USD
2023-10-20 price VEA                                59.69 USD
2023-10-20 price VHT                               180.25 USD
2023-10-20 price GLD                                72.93 USD
2023-10-27 price VBMPX                             209.28 USD
2023-10-27 price RGAGX                              42.82 USD
2023-10-27 price ITOT                               35.48 USD
2023-10-27 price VEA                                59.69 USD
2023-10-27 price VHT                               180.39 USD
2023-10-27 price GLD                                73.39 USD
2023-11-03 price VBMPX                             211.55 USD
2023-11-03 price RGAGX                              42.99 USD
2023-11-03 price ITOT                               34.15 USD
2023-11-03 price VEA                                59.51 USD
2023-11-03 price VHT                               177.32 USD
2023-11-03 price GLD                                71.96 USD
2023-11-10 price VBMPX                             209.79 USD
2023-11-10 price RGAGX                              43.04 USD
2023-11-10 price ITOT                               33.72 USD
2023-11-10 price VEA                                60.56 USD
2023-11-10 price VHT                               174.92 USD
2023-11-10 price GLD                                71.70 USD
2023-11-17 price VBMPX                             210.33 USD
2023-11-17 price RGAGX                              43.27 USD
2023-11-17 price ITOT                               33.73 USD
2023-11-17 price VEA                                59.05 USD
2023-11-17 price VHT                               174.36 USD
2023-11-17 price GLD                                71.10 USD
2023-11-24 price VBMPX                             211.13 USD
2023-11-24 price RGAGX                              43.88 USD
2023-11-24 price ITOT                               34.12 USD
2023-11-24 price VEA                                58.93 USD
2023-11-24 price VHT                               176.77 USD
2023-11-24 price GLD                                70.91 USD
2023-12-01 price VBMPX                             209.51 USD
2023-12-01 price RGAGX                              44.38 USD
2023-12-01 price ITOT                               32.92 USD
2023-12-01 price VEA                                59.93 USD
2023-12-01 price VHT                               184.18 USD
2023-12-01 price GLD                                71.11 USD
2023-12-08 price VBMPX                             212.33 USD
2023-12-08 price RGAGX                              45.57 USD
2023-12-08 price ITOT                               33.32 USD
2023-12-08 price VEA                                59.24 USD
2023-12-08 price VHT                               185.47 USD
2023-12-08 price GLD                                69.96 USD
2023-12-15 price VBMPX                             217.46 USD
2023-12-15 price RGAGX                              45.12 USD
2023-12-15 price ITOT                               33.15 USD
2023-12-15 price VEA                                59.99 USD
2023-12-15 price VHT                               185.55 USD
2023-12-15 price GLD                                70.04 USD
2023-12-22 price VBMPX                             219.41 USD
2023-12-22 price RGAGX                              45.11 USD
2023-12-22 price ITOT                               33.26 USD
2023-12-22 price VEA                                59.86 USD
2023-12-22 price VHT                               183.93 USD
2023-12-22 price GLD                                70.46 USD
2023-12-29 price VBMPX                             217.19 USD
2023-12-29 price RGAGX                              45.37 USD
2023-12-29 price ITOT                               32.99 USD
2023-12-29 price VEA                                58.61 USD
2023-12-29 price VHT                               186.86 USD
2023-12-29 price GLD                                69.44 USD
2024-01-05 price VBMPX                             212.73 USD
2024-01-05 price RGAGX                              46.34 USD
2024-01-05 price ITOT                               33.45 USD
2024-01-05 price VEA                                59.45 USD
2024-01-05 price VHT                               187.13 USD
2024-01-05 price GLD                                68.97 USD
2024-01-12 price VBMPX                             213.30 USD
2024-01-12 price RGAGX                              45.61 USD
2024-01-12 price ITOT                               32.91 USD
2024-01-12 price VEA                                61.07 USD
2024-01-12 price VHT                               188.04 USD
2024-01-12 price GLD                                70.01 USD
2024-01-19 price VBMPX                             210.94 USD
2024-01-19 price RGAGX                              44.96 USD
2024-01-19 price ITOT                               32.90 USD
2024-01-19 price VEA                                61.38 USD
2024-01-19 price VHT                               189.07 USD
2024-01-19 price GLD                                68.94 USD
2024-01-26 price VBMPX                             209.37 USD
2024-01-26 price RGAGX                              45.33 USD
2024-01-26 price ITOT                               32.21 USD
2024-01-26 price VEA                                61.75 USD
2024-01-26 price VHT                               190.93 USD
2024-01-26 price GLD                                65.87 USD
2024-02-02 price VBMPX                             208.28 USD
2024-02-02 price RGAGX                              45.19 USD
2024-02-02 price ITOT                               31.39 USD
2024-02-02 price VEA                                62.77 USD
2024-02-02 price VHT                               192.95 USD
2024-02-02 price GLD                                66.06 USD
2024-02-09 price VBMPX                             206.20 USD
2024-02-09 price RGAGX                              45.28 USD
2024-02-09 price ITOT                               31.59 USD
2024-02-09 price VEA                                64.17 USD
2024-02-09 price VHT                               193.70 USD
2024-02-09 price GLD                                65.43 USD
2024-02-16 price VBMPX                             207.58 USD
2024-02-16 price RGAGX                              45.21 USD
2024-02-16 price ITOT                               31.15 USD
2024-02-16 price VEA                                64.56 USD
2024-02-16 price VHT                               194.86 USD
2024-02-16 price GLD                                66.52 USD
2024-02-23 price VBMPX                             206.80 USD
2024-02-23 price RGAGX                              45.89 USD
2024-02-23 price ITOT                               31.81 USD
2024-02-23 price VEA                                64.73 USD
2024-02-23 price VHT                               199.62 USD
2024-02-23 price GLD                                65.26 USD
2024-03-01 price VBMPX                             206.74 USD
2024-03-01 price RGAGX                              45.93 USD
2024-03-01 price ITOT                               32.57 USD
2024-03-01 price VEA                                64.03 USD
2024-03-01 price VHT                               198.56 USD
2024-03-01 price GLD                                64.34 USD
2024-03-08 price VBMPX                             209.62 USD
2024-03-08 price RGAGX                              45.51 USD
2024-03-08 price ITOT                               31.61 USD
2024-03-08 price VEA                                65.76 USD
2024-03-08 price VHT                               201.11 USD
2024-03-08 price GLD                                65.58 USD
2024-03-15 price VBMPX                             211.14 USD
2024-03-15 price RGAGX                              46.08 USD
2024-03-15 price ITOT                               31.78 USD
2024-03-15 price VEA                                66.98 USD
2024-03-15 price VHT                               199.79 USD
2024-03-15 price GLD                                64.41 USD
2024-03-22 price VBMPX                             212.38 USD
2024-03-22 price RGAGX                              45.79 USD
2024-03-22 price ITOT                               31.25 USD
2024-03-22 price VEA                                67.71 USD
2024-03-22 price VHT                               202.72 USD
2024-03-22 price GLD                                65.71 USD
2024-03-29 price VBMPX                             212.33 USD
2024-03-29 price RGAGX                              45.48 USD
2024-03-29 price ITOT                               31.85 USD
2024-03-29 price VEA                                69.34 USD
2024-03-29 price VHT                               203.81 USD
2024-03-29 price GLD                                67.81 USD
2024-04-05 price VBMPX                             213.99 USD
2024-04-05 price RGAGX                              45.45 USD
2024-04-05 price ITOT                               32.18 USD
2024-04-05 price VEA                                69.47 USD
2024-04-05 price VHT                               205.80 USD
2024-04-05 price GLD                                67.98 USD
2024-04-12 price VBMPX                             216.11 USD
2024-04-12 price RGAGX                              45.36 USD
2024-04-12 price ITOT                               31.58 USD
2024-04-12 price VEA                                69.48 USD
2024-04-12 price VHT                               208.81 USD
2024-04-12 price GLD                                67.29 USD
2024-04-19 price VBMPX                             219.46 USD
2024-04-19 price RGAGX                              45.12 USD
2024-04-19 price ITOT                               31.01 USD
2024-04-19 price VEA                                67.55 USD
2024-04-19 price VHT                               201.74 USD
2024-04-19 price GLD                                66.08 USD
2024-04-26 price VBMPX                             222.09 USD
2024-04-26 price RGAGX                              45.24 USD
2024-04-26 price ITOT                               30.09 USD
2024-04-26 price VEA                                65.49 USD
2024-04-26 price VHT                               202.57 USD
2024-04-26 price GLD                                64.86 USD
2024-05-03 price VBMPX                             221.32 USD
2024-05-03 price RGAGX                              45.06 USD
2024-05-03 price ITOT                               31.36 USD
2024-05-03 price VEA                                65.25 USD
2024-05-03 price VHT                               209.52 USD
2024-05-03 price GLD                                64.10 USD
2024-05-10 price VBMPX                             222.53 USD
2024-05-10 price RGAGX                              44.93 USD
2024-05-10 price ITOT                               30.92 USD
2024-05-10 price VEA                                65.84 USD
2024-05-10 price VHT                               205.79 USD
2024-05-10 price GLD                                63.85 USD
2024-05-17 price VBMPX                             219.48 USD
2024-05-17 price RGAGX                              44.64 USD
2024-05-17 price ITOT                               31.35 USD
2024-05-17 price VEA                                63.91 USD
2024-05-17 price VHT                               200.55 USD
2024-05-17 price GLD                                64.52 USD
2024-05-24 price VBMPX                             218.95 USD
2024-05-24 price RGAGX                              44.47 USD
2024-05-24 price ITOT                               30.58 USD
2024-05-24 price VEA                                63.68 USD
2024-05-24 price VHT                               200.07 USD
2024-05-24 price GLD                                64.53 USD
2024-05-31 price VBMPX                             223.15 USD
2024-05-31 price RGAGX                              45.26 USD
2024-05-31 price ITOT                               29.99 USD
2024-05-31 price VEA                                62.94 USD
2024-05-31 price VHT                               204.66 USD
2024-05-31 price GLD                                64.24 USD
2024-06-07 price VBMPX                             221.38 USD
2024-06-07 price RGAGX                              45.66 USD
2024-06-07 price ITOT                               29.66 USD
2024-06-07 price VEA                                62.70 USD
2024-06-07 price VHT                               212.98 USD
2024-06-07 price GLD                                63.04 USD
2024-06-14 price VBMPX                             221.08 USD
2024-06-14 price RGAGX                              45.93 USD
2024-06-14 price ITOT                               29.42 USD
2024-06-14 price VEA                                61.40 USD
2024-06-14 price VHT                               214.76 USD
2024-06-14 price GLD                                62.31 USD
2024-06-21 price VBMPX                             219.01 USD
2024-06-21 price RGAGX                              46.47 USD
2024-06-21 price ITOT                               30.61 USD
2024-06-21 price VEA                                61.18 USD
2024-06-21 price VHT                               213.04 USD
2024-06-21 price GLD                                62.84 USD
2024-06-28 price VBMPX                             221.17 USD
2024-06-28 price RGAGX                              47.08 USD
2024-06-28 price ITOT                               31.19 USD
2024-06-28 price VEA                                61.80 USD
2024-06-28 price VHT                               221.79 USD
2024-06-28 price GLD                                62.66 USD
2024-07-05 price VBMPX                             214.75 USD
2024-07-05 price RGAGX                              46.12 USD
2024-07-05 price ITOT                               31.04 USD
2024-07-05 price VEA                                60.81 USD
2024-07-05 price VHT                               221.29 USD
2024-07-05 price GLD                                60.60 USD
2024-07-12 price VBMPX                             213.90 USD
2024-07-12 price RGAGX                              46.12 USD
2024-07-12 price ITOT                               31.29 USD
2024-07-12 price VEA                                61.88 USD
2024-07-12 price VHT                               219.97 USD
2024-07-12 price GLD                                61.22 USD
2024-07-19 price VBMPX                             214.72 USD
2024-07-19 price RGAGX                              45.89 USD
2024-07-19 price ITOT                               30.70 USD
2024-07-19 price VEA                                61.95 USD
2024-07-19 price VHT                               226.50 USD
2024-07-19 price GLD                                62.73 USD
2024-07-26 price VBMPX                             212.65 USD
2024-07-26 price RGAGX                              45.52 USD
2024-07-26 price ITOT                               30.29 USD
2024-07-26 price VEA                                61.22 USD
2024-07-26 price VHT                               228.42 USD
2024-07-26 price GLD                                60.90 USD
2024-08-02 price VBMPX                             216.16 USD
2024-08-02 price RGAGX                              45.26 USD
2024-08-02 price ITOT                               30.19 USD
2024-08-02 price VEA                                61.48 USD
2024-08-02 price VHT                               232.92 USD
2024-08-02 price GLD                                60.76 USD
2024-08-09 price VBMPX                             214.22 USD
2024-08-09 price RGAGX                              45.26 USD
2024-08-09 price ITOT                               31.04 USD
2024-08-09 price VEA                                61.60 USD
2024-08-09 price VHT                               238.49 USD
2024-08-09 price GLD                                61.33 USD
2024-08-16 price VBMPX                             211.75 USD
2024-08-16 price RGAGX                              45.84 USD
2024-08-16 price ITOT                               31.26 USD
2024-08-16 price VEA                                61.68 USD
2024-08-16 price VHT                               238.61 USD
2024-08-16 price GLD                                61.42 USD
2024-08-23 price VBMPX                             214.21 USD
2024-08-23 price RGAGX                              46.36 USD
2024-08-23 price ITOT                               31.36 USD
2024-08-23 price VEA                                62.24 USD
2024-08-23 price VHT                               246.25 USD
2024-08-23 price GLD                                62.34 USD
2024-08-30 price VBMPX                             211.86 USD
2024-08-30 price RGAGX                              46.94 USD
2024-08-30 price ITOT                               31.52 USD
2024-08-30 price VEA                                61.60 USD
2024-08-30 price VHT                               245.68 USD
2024-08-30 price GLD                                63.59 USD
2024-09-06 price VBMPX                             215.48 USD
2024-09-06 price RGAGX                              46.82 USD
2024-09-06 price ITOT                               31.07 USD
2024-09-06 price VEA                                60.57 USD
2024-09-06 price VHT                               243.06 USD
2024-09-06 price GLD                                63.11 USD
2024-09-13 price VBMPX                             216.66 USD
2024-09-13 price RGAGX                              46.23 USD
2024-09-13 price ITOT                               31.22 USD
2024-09-13 price VEA                                60.03 USD
2024-09-13 price VHT                               245.15 USD
2024-09-13 price GLD                                62.25 USD
2024-09-20 price VBMPX                             217.12 USD
2024-09-20 price RGAGX                              47.03 USD
2024-09-20 price ITOT                               31.51 USD
2024-09-20 price VEA                                58.73 USD
2024-09-20 price VHT                               240.70 USD
2024-09-20 price GLD                                62.45 USD



* Cash


2020-09-20 custom "fava-extension" "beancount_toolbox.ext.budget_plan"

2024-01-01 custom "budget" Expenses:Financial:Commissions "yearly" 9,690.00 USD
2024-01-01 custom "budget" Expenses:Financial:Fees "yearly" 225.00 USD
2024-01-01 custom "budget" Expenses:Food:Groceries "yearly" 76.00 USD
